{"tid": 12378508, "date": 1636802278, "type": "buy", "price": 352023.99999, "amount": 0.00014203}
{"tid": 12378509, "date": 1636802283, "type": "buy", "price": 352023.99512, "amount": 0.00067728}
{"tid": 12378510, "date": 1636802343, "type": "sell", "price": 352023.99, "amount": 0.00028407}
{"tid": 12378511, "date": 1636802361, "type": "buy", "price": 352023.98526, "amount": 0.01420357}
{"tid": 12378512, "date": 1636802364, "type": "buy", "price": 352023.98526, "amount": 0.00015194}
{"tid": 12378513, "date": 1636802371, "type": "buy", "price": 352023.98526, "amount": 4.371e-05}
{"tid": 12378514, "date": 1636802387, "type": "buy", "price": 352023.98526, "amount": 0.00214}
{"tid": 12378515, "date": 1636802389, "type": "buy", "price": 352023.98526, "amount": 8.522e-05}
{"tid": 12378516, "date": 1636802428, "type": "buy", "price": 352023.96508, "amount": 0.00799709}
{"tid": 12378517, "date": 1636802455, "type": "sell", "price": 351720.82, "amount": 0.00139495}
{"tid": 12378518, "date": 1636802462, "type": "buy", "price": 352023.96508, "amount": 0.00013848}
{"tid": 12378519, "date": 1636802468, "type": "buy", "price": 352023.96508, "amount": 0.00028407}
{"tid": 12378520, "date": 1636802487, "type": "buy", "price": 352023.96508, "amount": 0.00015623}
{"tid": 12378521, "date": 1636802510, "type": "buy", "price": 352023.96508, "amount": 0.00071}
{"tid": 12378522, "date": 1636802523, "type": "sell", "price": 351720.82, "amount": 0.007}
{"tid": 12378523, "date": 1636802527, "type": "buy", "price": 352023.96508, "amount": 0.04326188}
{"tid": 12378524, "date": 1636802537, "type": "buy", "price": 352023.96508, "amount": 0.00028407}
{"tid": 12378525, "date": 1636802553, "type": "buy", "price": 352023.96508, "amount": 5.681e-05}
{"tid": 12378526, "date": 1636802576, "type": "buy", "price": 352023.95999, "amount": 0.00014203}
{"tid": 12378527, "date": 1636802596, "type": "buy", "price": 352023.95999, "amount": 0.00066398}
{"tid": 12378528, "date": 1636802598, "type": "buy", "price": 351800, "amount": 8.527e-05}
{"tid": 12378529, "date": 1636802602, "type": "sell", "price": 351750, "amount": 2e-05}
{"tid": 12378530, "date": 1636802602, "type": "sell", "price": 351740, "amount": 2e-05}
{"tid": 12378531, "date": 1636802602, "type": "sell", "price": 351730, "amount": 2e-05}
{"tid": 12378532, "date": 1636802602, "type": "sell", "price": 351720.82001, "amount": 0.0059}
{"tid": 12378533, "date": 1636802602, "type": "sell", "price": 351720.82, "amount": 0.00237272}
{"tid": 12378534, "date": 1636802602, "type": "sell", "price": 351720.82, "amount": 0.00034851}
{"tid": 12378535, "date": 1636802602, "type": "sell", "price": 351720.82, "amount": 0.00150687}
{"tid": 12378536, "date": 1636802602, "type": "sell", "price": 351720.82, "amount": 0.0003}
{"tid": 12378537, "date": 1636802602, "type": "sell", "price": 351720.82, "amount": 0.00028431}
{"tid": 12378538, "date": 1636802602, "type": "sell", "price": 351600.526, "amount": 0.01396}
{"tid": 12378539, "date": 1636802602, "type": "sell", "price": 351600, "amount": 0.00135299}
{"tid": 12378540, "date": 1636802625, "type": "buy", "price": 351797.99999, "amount": 0.00085276}
{"tid": 12378541, "date": 1636802651, "type": "buy", "price": 351797.99999, "amount": 5.656e-05}
{"tid": 12378542, "date": 1636802667, "type": "buy", "price": 351797.99999, "amount": 0.01094127}
{"tid": 12378543, "date": 1636802682, "type": "buy", "price": 351797.99999, "amount": 0.00071234}
{"tid": 12378544, "date": 1636802700, "type": "buy", "price": 351797.99999, "amount": 0.00142127}
{"tid": 12378545, "date": 1636802767, "type": "buy", "price": 351797.97507, "amount": 0.00284254}
{"tid": 12378546, "date": 1636802768, "type": "sell", "price": 351720, "amount": 2e-05}
{"tid": 12378547, "date": 1636802768, "type": "sell", "price": 351710, "amount": 2e-05}
{"tid": 12378548, "date": 1636802768, "type": "sell", "price": 351700, "amount": 2e-05}
{"tid": 12378549, "date": 1636802768, "type": "sell", "price": 351690, "amount": 2e-05}
{"tid": 12378550, "date": 1636802768, "type": "sell", "price": 351650, "amount": 2e-05}
{"tid": 12378551, "date": 1636802768, "type": "sell", "price": 351610, "amount": 2e-05}
{"tid": 12378552, "date": 1636802768, "type": "sell", "price": 351600, "amount": 0.0023302}
{"tid": 12378553, "date": 1636802789, "type": "buy", "price": 351797.94753, "amount": 0.00284254}
{"tid": 12378554, "date": 1636802824, "type": "buy", "price": 351797.91893, "amount": 3.345e-05}
{"tid": 12378555, "date": 1636802882, "type": "buy", "price": 351797.89382, "amount": 0.00787867}
{"tid": 12378556, "date": 1636802899, "type": "buy", "price": 351797.88801, "amount": 0.00028425}
{"tid": 12378557, "date": 1636802943, "type": "buy", "price": 351797.85472, "amount": 0.00024326}
{"tid": 12378558, "date": 1636802982, "type": "sell", "price": 351610, "amount": 2e-05}
{"tid": 12378559, "date": 1636802982, "type": "sell", "price": 351600, "amount": 0.0001185}
{"tid": 12378560, "date": 1636802989, "type": "buy", "price": 351797.7998, "amount": 0.00142127}
{"tid": 12378561, "date": 1636802999, "type": "buy", "price": 351797.79314, "amount": 0.001}
{"tid": 12378562, "date": 1636803018, "type": "buy", "price": 351797.77729, "amount": 0.00142127}
{"tid": 12378563, "date": 1636803033, "type": "buy", "price": 351797.76099, "amount": 7.959e-05}
{"tid": 12378564, "date": 1636803036, "type": "buy", "price": 351797.75835, "amount": 0.00030983}
{"tid": 12378565, "date": 1636803041, "type": "buy", "price": 351797.75124, "amount": 0.00051992}
{"tid": 12378566, "date": 1636803125, "type": "sell", "price": 351600, "amount": 0.00142954}
{"tid": 12378567, "date": 1636803125, "type": "sell", "price": 351600, "amount": 0.00011111}
{"tid": 12378568, "date": 1636803125, "type": "sell", "price": 351600, "amount": 0.0017486}
{"tid": 12378569, "date": 1636803125, "type": "sell", "price": 351600, "amount": 2e-05}
{"tid": 12378570, "date": 1636803125, "type": "sell", "price": 351590, "amount": 2e-05}
{"tid": 12378571, "date": 1636803125, "type": "sell", "price": 351550, "amount": 2e-05}
{"tid": 12378572, "date": 1636803125, "type": "sell", "price": 351450, "amount": 2e-05}
{"tid": 12378573, "date": 1636803125, "type": "sell", "price": 351448.51, "amount": 0.00126086}
{"tid": 12378574, "date": 1636803125, "type": "sell", "price": 351440, "amount": 2e-05}
{"tid": 12378575, "date": 1636803125, "type": "sell", "price": 351400, "amount": 2e-05}
{"tid": 12378576, "date": 1636803125, "type": "sell", "price": 351108.506, "amount": 0.01379}
{"tid": 12378577, "date": 1636803125, "type": "sell", "price": 351107.98, "amount": 0.0001}
{"tid": 12378578, "date": 1636803125, "type": "sell", "price": 351107.98, "amount": 0.00570878}
{"tid": 12378579, "date": 1636803125, "type": "sell", "price": 351107.98, "amount": 0.00277305}
{"tid": 12378580, "date": 1636803125, "type": "sell", "price": 351107.98, "amount": 6.305e-05}
{"tid": 12378581, "date": 1636803125, "type": "sell", "price": 351107.98, "amount": 7.561e-05}
{"tid": 12378582, "date": 1636803125, "type": "sell", "price": 350847.58, "amount": 6.27e-05}
{"tid": 12378583, "date": 1636803125, "type": "sell", "price": 350846.53, "amount": 0.001}
{"tid": 12378584, "date": 1636803125, "type": "sell", "price": 350800, "amount": 0.002}
{"tid": 12378585, "date": 1636803125, "type": "sell", "price": 350670.98, "amount": 0.00159823}
{"tid": 12378586, "date": 1636803125, "type": "sell", "price": 350670.97, "amount": 0.00010753}
{"tid": 12378587, "date": 1636803125, "type": "sell", "price": 350670.97, "amount": 0.00111052}
{"tid": 12378588, "date": 1636803125, "type": "sell", "price": 350423.96, "amount": 0.00022581}
{"tid": 12378589, "date": 1636803125, "type": "sell", "price": 350401, "amount": 0.00142977}
{"tid": 12378590, "date": 1636803125, "type": "sell", "price": 350400.00762, "amount": 0.02879404}
{"tid": 12378591, "date": 1636803125, "type": "sell", "price": 350400.00381, "amount": 0.02879404}
{"tid": 12378592, "date": 1636803125, "type": "sell", "price": 350400, "amount": 0.07281379}
{"tid": 12378593, "date": 1636803131, "type": "buy", "price": 351274, "amount": 0.00747208}
{"tid": 12378594, "date": 1636803143, "type": "buy", "price": 351012, "amount": 0.1773}
{"tid": 12378595, "date": 1636803143, "type": "buy", "price": 351305, "amount": 0.07867269}
{"tid": 12378596, "date": 1636803193, "type": "buy", "price": 351039.99994, "amount": 8.54e-05}
{"tid": 12378597, "date": 1636803197, "type": "buy", "price": 351039.99991, "amount": 0.00066787}
{"tid": 12378598, "date": 1636803200, "type": "sell", "price": 350401.05204, "amount": 9.52e-05}
{"tid": 12378599, "date": 1636803220, "type": "sell", "price": 350405.52601, "amount": 0.04268252}
{"tid": 12378600, "date": 1636803220, "type": "sell", "price": 350405.526, "amount": 0.04268}
{"tid": 12378601, "date": 1636803220, "type": "sell", "price": 350405, "amount": 0.00073768}
{"tid": 12378602, "date": 1636803220, "type": "sell", "price": 350400, "amount": 0.07254931}
{"tid": 12378603, "date": 1636803240, "type": "buy", "price": 351039.98988, "amount": 0.02848678}
{"tid": 12378604, "date": 1636803272, "type": "buy", "price": 351039.97993, "amount": 0.00026635}
{"tid": 12378605, "date": 1636803297, "type": "sell", "price": 350510.52601, "amount": 0.00106242}
{"tid": 12378606, "date": 1636803300, "type": "buy", "price": 351039.97966, "amount": 0.0008546}
{"tid": 12378607, "date": 1636803354, "type": "buy", "price": 351039.97943, "amount": 0.00017977}
{"tid": 12378608, "date": 1636803357, "type": "buy", "price": 351039.9794, "amount": 0.00142433}
{"tid": 12378609, "date": 1636803375, "type": "buy", "price": 351039.97937, "amount": 0.0052709}
{"tid": 12378610, "date": 1636803379, "type": "buy", "price": 351039.97937, "amount": 0.00761501}
{"tid": 12378611, "date": 1636803379, "type": "buy", "price": 351039.97938, "amount": 0.00662838}
{"tid": 12378612, "date": 1636803386, "type": "buy", "price": 351039.97938, "amount": 0.00042106}
{"tid": 12378613, "date": 1636803444, "type": "buy", "price": 351039.97937, "amount": 0.0004273}
{"tid": 12378614, "date": 1636803449, "type": "buy", "price": 351039.97937, "amount": 0.00017092}
{"tid": 12378615, "date": 1636803502, "type": "buy", "price": 351039.97937, "amount": 0.00071122}
{"tid": 12378616, "date": 1636803564, "type": "buy", "price": 351039.97937, "amount": 0.00057067}
{"tid": 12378617, "date": 1636803568, "type": "buy", "price": 351039.97937, "amount": 0.00015055}
{"tid": 12378618, "date": 1636803584, "type": "buy", "price": 351039.97937, "amount": 0.00284867}
{"tid": 12378619, "date": 1636803585, "type": "buy", "price": 351039.97937, "amount": 3.472e-05}
{"tid": 12378620, "date": 1636803594, "type": "sell", "price": 351039.97, "amount": 5.93e-05}
{"tid": 12378621, "date": 1636803594, "type": "sell", "price": 351039.97, "amount": 0.00027278}
{"tid": 12378622, "date": 1636803617, "type": "buy", "price": 351039.97937, "amount": 8.523e-05}
{"tid": 12378623, "date": 1636803652, "type": "buy", "price": 351039.97937, "amount": 2e-05}
{"tid": 12378624, "date": 1636803697, "type": "sell", "price": 351039.97, "amount": 9.666e-05}
{"tid": 12378625, "date": 1636803697, "type": "sell", "price": 351039.97, "amount": 0.00016091}
{"tid": 12378626, "date": 1636803706, "type": "sell", "price": 351039.97, "amount": 0.00013019}
{"tid": 12378627, "date": 1636803706, "type": "sell", "price": 351039.97, "amount": 0.00039986}
{"tid": 12378628, "date": 1636803706, "type": "sell", "price": 351039.97, "amount": 0.000121}
{"tid": 12378629, "date": 1636803706, "type": "sell", "price": 351039.97, "amount": 0.00145156}
{"tid": 12378630, "date": 1636803711, "type": "buy", "price": 351039.97937, "amount": 0.0014518}
{"tid": 12378631, "date": 1636803724, "type": "buy", "price": 351039.97937, "amount": 0.00017092}
{"tid": 12378632, "date": 1636803806, "type": "buy", "price": 351039.97937, "amount": 0.0013172}
{"tid": 12378633, "date": 1636803836, "type": "sell", "price": 351039.97, "amount": 0.00027566}
{"tid": 12378634, "date": 1636803843, "type": "buy", "price": 351039.97938, "amount": 0.00031335}
{"tid": 12378635, "date": 1636803854, "type": "buy", "price": 351039.97937, "amount": 0.00017342}
{"tid": 12378636, "date": 1636803855, "type": "buy", "price": 351039.97937, "amount": 0.00014243}
{"tid": 12378637, "date": 1636803873, "type": "sell", "price": 351039.97, "amount": 0.0002761}
{"tid": 12378638, "date": 1636803874, "type": "buy", "price": 351039.97937, "amount": 0.00100558}
{"tid": 12378639, "date": 1636803882, "type": "buy", "price": 351039.97938, "amount": 8.292e-05}
{"tid": 12378640, "date": 1636803911, "type": "sell", "price": 351039.97, "amount": 0.00033175}
{"tid": 12378641, "date": 1636803923, "type": "sell", "price": 351039.97, "amount": 0.00145082}
{"tid": 12378642, "date": 1636803927, "type": "buy", "price": 351039.97938, "amount": 0.00056973}
{"tid": 12378643, "date": 1636803928, "type": "buy", "price": 351039.97938, "amount": 0.00021715}
{"tid": 12378644, "date": 1636803966, "type": "buy", "price": 351039.97937, "amount": 9.486e-05}
{"tid": 12378645, "date": 1636803987, "type": "buy", "price": 351039.97937, "amount": 0.00045578}
{"tid": 12378646, "date": 1636803994, "type": "sell", "price": 351039.97, "amount": 0.00019903}
{"tid": 12378647, "date": 1636803994, "type": "buy", "price": 351039.97937, "amount": 0.04130583}
{"tid": 12378648, "date": 1636804012, "type": "buy", "price": 351039.97938, "amount": 0.00171775}
{"tid": 12378649, "date": 1636804027, "type": "buy", "price": 351039.97938, "amount": 0.0008546}
{"tid": 12378650, "date": 1636804029, "type": "buy", "price": 351039.97938, "amount": 0.00028486}
{"tid": 12378651, "date": 1636804062, "type": "sell", "price": 351039.97, "amount": 0.002}
{"tid": 12378652, "date": 1636804077, "type": "buy", "price": 351039.97938, "amount": 4.654e-05}
{"tid": 12378653, "date": 1636804102, "type": "buy", "price": 351039.97938, "amount": 0.00014243}
{"tid": 12378654, "date": 1636804113, "type": "buy", "price": 351039.97938, "amount": 0.00142433}
{"tid": 12378655, "date": 1636804129, "type": "sell", "price": 351039.97, "amount": 0.0001448}
{"tid": 12378656, "date": 1636804135, "type": "buy", "price": 351039.97938, "amount": 0.00017861}
{"tid": 12378657, "date": 1636804137, "type": "buy", "price": 351039.97938, "amount": 0.00284867}
{"tid": 12378658, "date": 1636804168, "type": "buy", "price": 351039.97938, "amount": 5.93e-05}
{"tid": 12378659, "date": 1636804232, "type": "buy", "price": 351039.97937, "amount": 0.01994741}
{"tid": 12378660, "date": 1636804255, "type": "buy", "price": 351039.98, "amount": 0.00011998}
{"tid": 12378661, "date": 1636804255, "type": "buy", "price": 351039.99, "amount": 0.00014622}
{"tid": 12378662, "date": 1636804267, "type": "sell", "price": 351039.97, "amount": 0.00033}
{"tid": 12378663, "date": 1636804314, "type": "buy", "price": 351039.99, "amount": 0.00073849}
{"tid": 12378664, "date": 1636804353, "type": "buy", "price": 351039.99, "amount": 0.0005309}
{"tid": 12378665, "date": 1636804358, "type": "buy", "price": 351039.99, "amount": 0.00012539}
{"tid": 12378666, "date": 1636804394, "type": "buy", "price": 351039.99, "amount": 9.97e-05}
{"tid": 12378667, "date": 1636804442, "type": "sell", "price": 351039.9899, "amount": 0.00049498}
{"tid": 12378668, "date": 1636804450, "type": "buy", "price": 351039.99, "amount": 0.00020669}
{"tid": 12378669, "date": 1636804464, "type": "buy", "price": 351039.98645, "amount": 9.4e-05}
{"tid": 12378670, "date": 1636804468, "type": "sell", "price": 351039.98001, "amount": 6.766e-05}
{"tid": 12378671, "date": 1636804468, "type": "sell", "price": 351039.98, "amount": 0.0008546}
{"tid": 12378672, "date": 1636804472, "type": "buy", "price": 351039.97908, "amount": 0.00010682}
{"tid": 12378673, "date": 1636804483, "type": "sell", "price": 351039.97, "amount": 0.00354028}
{"tid": 12378674, "date": 1636804483, "type": "sell", "price": 351039.97, "amount": 0.00072561}
{"tid": 12378675, "date": 1636804483, "type": "sell", "price": 351039.97, "amount": 0.00011218}
{"tid": 12378676, "date": 1636804490, "type": "sell", "price": 351039.96, "amount": 0.0001191}
{"tid": 12378677, "date": 1636804498, "type": "buy", "price": 351039.94363, "amount": 0.00284867}
{"tid": 12378678, "date": 1636804504, "type": "sell", "price": 351000, "amount": 2e-05}
{"tid": 12378679, "date": 1636804504, "type": "sell", "price": 350900, "amount": 2e-05}
{"tid": 12378680, "date": 1636804504, "type": "sell", "price": 350800, "amount": 2e-05}
{"tid": 12378681, "date": 1636804504, "type": "sell", "price": 350700, "amount": 2e-05}
{"tid": 12378682, "date": 1636804504, "type": "sell", "price": 350600, "amount": 2.977e-05}
{"tid": 12378683, "date": 1636804504, "type": "sell", "price": 350510.52006, "amount": 0.00017769}
{"tid": 12378684, "date": 1636804504, "type": "buy", "price": 351039.9345, "amount": 0.00057}
{"tid": 12378685, "date": 1636804508, "type": "sell", "price": 350510.52006, "amount": 0.00011536}
{"tid": 12378686, "date": 1636804512, "type": "sell", "price": 350510.52, "amount": 0.0011047}
{"tid": 12378687, "date": 1636804512, "type": "sell", "price": 350500, "amount": 0.00088927}
{"tid": 12378688, "date": 1636804533, "type": "buy", "price": 350639.99999, "amount": 0.00011511}
{"tid": 12378689, "date": 1636804539, "type": "buy", "price": 350639.99999, "amount": 0.00017789}
{"tid": 12378690, "date": 1636804539, "type": "buy", "price": 350640, "amount": 0.00107424}
{"tid": 12378691, "date": 1636804540, "type": "sell", "price": 350500, "amount": 0.00018009}
{"tid": 12378692, "date": 1636804559, "type": "buy", "price": 350731, "amount": 0.00011065}
{"tid": 12378693, "date": 1636804566, "type": "buy", "price": 350767, "amount": 0.00405384}
{"tid": 12378694, "date": 1636804567, "type": "buy", "price": 350767, "amount": 0.00427634}
{"tid": 12378695, "date": 1636804597, "type": "buy", "price": 350750, "amount": 0.03374374}
{"tid": 12378696, "date": 1636804598, "type": "buy", "price": 351039.98997, "amount": 0.0001054}
{"tid": 12378697, "date": 1636804625, "type": "sell", "price": 350504.20809, "amount": 2.852e-05}
{"tid": 12378698, "date": 1636804641, "type": "buy", "price": 350777.99999, "amount": 2.852e-05}
{"tid": 12378699, "date": 1636804641, "type": "buy", "price": 350778, "amount": 0.00027148}
{"tid": 12378700, "date": 1636804655, "type": "sell", "price": 350504.20809, "amount": 2.745e-05}
{"tid": 12378701, "date": 1636804657, "type": "buy", "price": 350816, "amount": 0.05700994}
{"tid": 12378702, "date": 1636804671, "type": "buy", "price": 350815.99999, "amount": 2.745e-05}
{"tid": 12378703, "date": 1636804674, "type": "sell", "price": 350816, "amount": 0.00018}
{"tid": 12378704, "date": 1636804686, "type": "buy", "price": 350835, "amount": 0.00081784}
{"tid": 12378705, "date": 1636804707, "type": "sell", "price": 350816, "amount": 2.355e-05}
{"tid": 12378706, "date": 1636804758, "type": "sell", "price": 350504.73409, "amount": 0.00010192}
{"tid": 12378707, "date": 1636804785, "type": "sell", "price": 350984.99, "amount": 0.00010694}
{"tid": 12378708, "date": 1636804814, "type": "sell", "price": 350984.99, "amount": 7.065e-05}
{"tid": 12378709, "date": 1636804831, "type": "buy", "price": 350984.99996, "amount": 0.0001019}
{"tid": 12378710, "date": 1636804831, "type": "buy", "price": 350985, "amount": 0.01428113}
{"tid": 12378711, "date": 1636804852, "type": "buy", "price": 350997.99999, "amount": 0.00712254}
{"tid": 12378712, "date": 1636804854, "type": "sell", "price": 350984.99, "amount": 0.00452409}
{"tid": 12378713, "date": 1636804863, "type": "buy", "price": 350998, "amount": 2.849e-05}
{"tid": 12378714, "date": 1636804866, "type": "buy", "price": 350998, "amount": 3.418e-05}
{"tid": 12378715, "date": 1636804879, "type": "buy", "price": 350998, "amount": 0.00346933}
{"tid": 12378716, "date": 1636804892, "type": "sell", "price": 350985, "amount": 5.088e-05}
{"tid": 12378717, "date": 1636804897, "type": "sell", "price": 350985, "amount": 0.00019504}
{"tid": 12378718, "date": 1636804914, "type": "buy", "price": 350998, "amount": 0.00044792}
{"tid": 12378719, "date": 1636804944, "type": "buy", "price": 350997.99998, "amount": 0.00014245}
{"tid": 12378720, "date": 1636804954, "type": "buy", "price": 350997.99998, "amount": 0.0005698}
{"tid": 12378721, "date": 1636804967, "type": "buy", "price": 350997.99998, "amount": 7.122e-05}
{"tid": 12378722, "date": 1636804981, "type": "buy", "price": 350997.99998, "amount": 0.01930831}
{"tid": 12378723, "date": 1636804991, "type": "buy", "price": 350998, "amount": 0.00016726}
{"tid": 12378724, "date": 1636805003, "type": "buy", "price": 350998, "amount": 0.00604735}
{"tid": 12378725, "date": 1636805010, "type": "sell", "price": 350997.99, "amount": 0.00038057}
{"tid": 12378726, "date": 1636805049, "type": "buy", "price": 350997.98, "amount": 0.00014245}
{"tid": 12378727, "date": 1636805066, "type": "buy", "price": 350997.98, "amount": 0.00231946}
{"tid": 12378728, "date": 1636805078, "type": "buy", "price": 350997.98, "amount": 6.044e-05}
{"tid": 12378729, "date": 1636805097, "type": "buy", "price": 350997.98, "amount": 4.485e-05}
{"tid": 12378730, "date": 1636805100, "type": "buy", "price": 350997.98, "amount": 0.00014527}
{"tid": 12378731, "date": 1636805110, "type": "buy", "price": 350997.98, "amount": 0.0002849}
{"tid": 12378732, "date": 1636805122, "type": "buy", "price": 350997.98, "amount": 0.00011438}
{"tid": 12378733, "date": 1636805168, "type": "sell", "price": 350985, "amount": 0.00010561}
{"tid": 12378734, "date": 1636805179, "type": "buy", "price": 350997.98, "amount": 9.615e-05}
{"tid": 12378735, "date": 1636805189, "type": "sell", "price": 350985.526, "amount": 0.00011358}
{"tid": 12378736, "date": 1636805195, "type": "sell", "price": 350985.526, "amount": 0.00018514}
{"tid": 12378737, "date": 1636805196, "type": "buy", "price": 350997.98, "amount": 0.00284901}
{"tid": 12378738, "date": 1636805202, "type": "buy", "price": 350997.98, "amount": 0.0005698}
{"tid": 12378739, "date": 1636805211, "type": "buy", "price": 350997.98, "amount": 0.00019943}
{"tid": 12378740, "date": 1636805232, "type": "buy", "price": 350997.98, "amount": 0.00067461}
{"tid": 12378741, "date": 1636805235, "type": "buy", "price": 350997.98, "amount": 0.00023077}
{"tid": 12378742, "date": 1636805241, "type": "buy", "price": 350997.98, "amount": 0.00034202}
{"tid": 12378743, "date": 1636805254, "type": "buy", "price": 350997.98, "amount": 0.00061264}
{"tid": 12378744, "date": 1636805269, "type": "buy", "price": 350997.98, "amount": 0.00014245}
{"tid": 12378745, "date": 1636805281, "type": "sell", "price": 350985.526, "amount": 0.07612516}
{"tid": 12378746, "date": 1636805297, "type": "buy", "price": 350997.98, "amount": 0.01802573}
{"tid": 12378747, "date": 1636805297, "type": "buy", "price": 351039.99, "amount": 0.00334151}
{"tid": 12378748, "date": 1636805303, "type": "buy", "price": 351039.99, "amount": 0.000133}
{"tid": 12378749, "date": 1636805316, "type": "buy", "price": 351039.99, "amount": 8.548e-05}
{"tid": 12378750, "date": 1636805331, "type": "buy", "price": 351039.99, "amount": 0.00265012}
{"tid": 12378751, "date": 1636805331, "type": "buy", "price": 351173, "amount": 0.01069724}
{"tid": 12378752, "date": 1636805372, "type": "buy", "price": 351671.99998, "amount": 0.01962499}
{"tid": 12378753, "date": 1636805375, "type": "sell", "price": 350996.58227, "amount": 0.00053406}
{"tid": 12378754, "date": 1636805384, "type": "buy", "price": 351671.99998, "amount": 0.02536201}
{"tid": 12378755, "date": 1636805384, "type": "buy", "price": 351672, "amount": 4.907e-05}
{"tid": 12378756, "date": 1636805403, "type": "buy", "price": 351510.99999, "amount": 0.00024002}
{"tid": 12378757, "date": 1636805414, "type": "buy", "price": 351510.99999, "amount": 0.02844861}
{"tid": 12378758, "date": 1636805422, "type": "buy", "price": 351510.99999, "amount": 0.00209666}
{"tid": 12378759, "date": 1636805548, "type": "buy", "price": 351511, "amount": 0.11379444}
{"tid": 12378760, "date": 1636805560, "type": "buy", "price": 351443, "amount": 0.00287386}
{"tid": 12378761, "date": 1636805564, "type": "buy", "price": 351410, "amount": 0.00024188}
{"tid": 12378762, "date": 1636805573, "type": "sell", "price": 351029.19541, "amount": 0.00063622}
{"tid": 12378763, "date": 1636805579, "type": "buy", "price": 351394.99999, "amount": 0.0006361}
{"tid": 12378764, "date": 1636805579, "type": "buy", "price": 351395, "amount": 0.00662521}
{"tid": 12378765, "date": 1636805596, "type": "buy", "price": 351387, "amount": 0.0020827}
{"tid": 12378766, "date": 1636805598, "type": "buy", "price": 351387, "amount": 3.574e-05}
{"tid": 12378767, "date": 1636805651, "type": "buy", "price": 351382, "amount": 5.691e-05}
{"tid": 12378768, "date": 1636805687, "type": "buy", "price": 351382, "amount": 0.0001965}
{"tid": 12378769, "date": 1636805723, "type": "buy", "price": 351382, "amount": 0.0028459}
{"tid": 12378770, "date": 1636805733, "type": "buy", "price": 351196, "amount": 0.00284741}
{"tid": 12378771, "date": 1636805768, "type": "buy", "price": 351216, "amount": 0.00021325}
{"tid": 12378772, "date": 1636805772, "type": "buy", "price": 351126, "amount": 0.00107428}
{"tid": 12378773, "date": 1636805814, "type": "buy", "price": 351120, "amount": 0.00075082}
{"tid": 12378774, "date": 1636805824, "type": "buy", "price": 351062, "amount": 0.0002149}
{"tid": 12378775, "date": 1636805833, "type": "buy", "price": 351046, "amount": 2.848e-05}
{"tid": 12378776, "date": 1636805834, "type": "buy", "price": 351046, "amount": 3.085e-05}
{"tid": 12378777, "date": 1636805897, "type": "buy", "price": 351054, "amount": 0.00132463}
{"tid": 12378778, "date": 1636805903, "type": "buy", "price": 351054, "amount": 0.00142428}
{"tid": 12378779, "date": 1636805920, "type": "buy", "price": 351053.99999, "amount": 0.00030043}
{"tid": 12378780, "date": 1636805923, "type": "buy", "price": 351053.99999, "amount": 0.0001}
{"tid": 12378781, "date": 1636805932, "type": "buy", "price": 351054, "amount": 0.00011385}
{"tid": 12378782, "date": 1636805934, "type": "sell", "price": 351022.08, "amount": 0.00020446}
{"tid": 12378783, "date": 1636805943, "type": "buy", "price": 351054, "amount": 6.793e-05}
{"tid": 12378784, "date": 1636805965, "type": "buy", "price": 351054, "amount": 0.00569712}
{"tid": 12378785, "date": 1636805996, "type": "sell", "price": 351022.08, "amount": 0.00026435}
{"tid": 12378786, "date": 1636805999, "type": "buy", "price": 351054, "amount": 0.00018848}
{"tid": 12378787, "date": 1636806017, "type": "sell", "price": 351022.08, "amount": 0.00024019}
{"tid": 12378788, "date": 1636806031, "type": "buy", "price": 351054, "amount": 0.00061093}
{"tid": 12378789, "date": 1636806090, "type": "buy", "price": 351054, "amount": 0.00117409}
{"tid": 12378790, "date": 1636806143, "type": "buy", "price": 351053.99999, "amount": 0.00854569}
{"tid": 12378791, "date": 1636806164, "type": "buy", "price": 351053.99999, "amount": 0.00010777}
{"tid": 12378792, "date": 1636806166, "type": "sell", "price": 351022.08, "amount": 0.00026731}
{"tid": 12378793, "date": 1636806174, "type": "sell", "price": 351022.08, "amount": 0.00102369}
{"tid": 12378794, "date": 1636806174, "type": "sell", "price": 351022.08, "amount": 0.00299126}
{"tid": 12378795, "date": 1636806177, "type": "buy", "price": 351022.08, "amount": 0.0019719}
{"tid": 12378796, "date": 1636806212, "type": "buy", "price": 351022.08, "amount": 0.00018232}
{"tid": 12378797, "date": 1636806222, "type": "sell", "price": 351021.83, "amount": 0.005}
{"tid": 12378798, "date": 1636806226, "type": "buy", "price": 351022.08, "amount": 0.00028488}
{"tid": 12378799, "date": 1636806229, "type": "buy", "price": 351022.08, "amount": 0.00011321}
{"tid": 12378800, "date": 1636806229, "type": "buy", "price": 351053.99999, "amount": 0.00012021}
{"tid": 12378801, "date": 1636806296, "type": "buy", "price": 351053.96321, "amount": 0.00014242}
{"tid": 12378802, "date": 1636806302, "type": "buy", "price": 351053.95123, "amount": 0.00142428}
{"tid": 12378803, "date": 1636806314, "type": "sell", "price": 351021.83, "amount": 4.623e-05}
{"tid": 12378804, "date": 1636806319, "type": "buy", "price": 351053.93597, "amount": 0.00017191}
{"tid": 12378805, "date": 1636806324, "type": "buy", "price": 351053.92773, "amount": 0.00142428}
{"tid": 12378806, "date": 1636806342, "type": "buy", "price": 351053.92335, "amount": 0.00014242}
{"tid": 12378807, "date": 1636806357, "type": "sell", "price": 351021.83, "amount": 0.00659261}
{"tid": 12378808, "date": 1636806403, "type": "sell", "price": 351053.92, "amount": 0.00133851}
{"tid": 12378809, "date": 1636806404, "type": "sell", "price": 351021.83, "amount": 3.89e-05}
{"tid": 12378810, "date": 1636806411, "type": "buy", "price": 351053.90958, "amount": 2.865e-05}
{"tid": 12378811, "date": 1636806454, "type": "buy", "price": 351053.89123, "amount": 0.00028485}
{"tid": 12378812, "date": 1636806458, "type": "buy", "price": 351053.89123, "amount": 0.00068305}
{"tid": 12378813, "date": 1636806459, "type": "sell", "price": 351021.83, "amount": 0.0001661}
{"tid": 12378814, "date": 1636806485, "type": "sell", "price": 351021.83, "amount": 0.00021019}
{"tid": 12378815, "date": 1636806495, "type": "buy", "price": 351053.89123, "amount": 0.00028485}
{"tid": 12378816, "date": 1636806543, "type": "sell", "price": 351021.83, "amount": 0.00024161}
{"tid": 12378817, "date": 1636806566, "type": "sell", "price": 351021.83, "amount": 0.00195732}
{"tid": 12378818, "date": 1636806583, "type": "buy", "price": 351053.89123, "amount": 0.00284856}
{"tid": 12378819, "date": 1636806598, "type": "sell", "price": 351021.83, "amount": 0.00015705}
{"tid": 12378820, "date": 1636806615, "type": "buy", "price": 351053.89123, "amount": 0.00229933}
{"tid": 12378821, "date": 1636806625, "type": "sell", "price": 351021.83, "amount": 2.789e-05}
{"tid": 12378822, "date": 1636806630, "type": "buy", "price": 351053.89123, "amount": 0.00247027}
{"tid": 12378823, "date": 1636806647, "type": "sell", "price": 351021.83, "amount": 0.00511816}
{"tid": 12378824, "date": 1636806652, "type": "buy", "price": 351053.87917, "amount": 0.00284856}
{"tid": 12378825, "date": 1636806670, "type": "sell", "price": 351021.83, "amount": 5.226e-05}
{"tid": 12378826, "date": 1636806681, "type": "sell", "price": 351021.83, "amount": 0.00037292}
{"tid": 12378827, "date": 1636806696, "type": "buy", "price": 351053.82842, "amount": 0.00015}
{"tid": 12378828, "date": 1636806739, "type": "buy", "price": 351053.76637, "amount": 7.121e-05}
{"tid": 12378829, "date": 1636806755, "type": "buy", "price": 351053.75315, "amount": 0.00045035}
{"tid": 12378830, "date": 1636806757, "type": "buy", "price": 351053.75315, "amount": 5.697e-05}
{"tid": 12378831, "date": 1636806804, "type": "buy", "price": 351053.69218, "amount": 0.00142428}
{"tid": 12378832, "date": 1636806833, "type": "sell", "price": 351025, "amount": 0.001}
{"tid": 12378833, "date": 1636806833, "type": "sell", "price": 351021.83, "amount": 0.00012266}
{"tid": 12378834, "date": 1636806849, "type": "sell", "price": 351021.83, "amount": 0.00230232}
{"tid": 12378835, "date": 1636806892, "type": "buy", "price": 351053.60987, "amount": 0.03189569}
{"tid": 12378836, "date": 1636806898, "type": "buy", "price": 351053.60204, "amount": 0.00028485}
{"tid": 12378837, "date": 1636806913, "type": "sell", "price": 351021.83, "amount": 0.00030074}
{"tid": 12378838, "date": 1636806923, "type": "buy", "price": 351053.55315, "amount": 0.00014242}
{"tid": 12378839, "date": 1636806935, "type": "sell", "price": 351021.83, "amount": 0.00013293}
{"tid": 12378840, "date": 1636806955, "type": "buy", "price": 351053.5215, "amount": 0.00029767}
{"tid": 12378841, "date": 1636806972, "type": "buy", "price": 351053.50355, "amount": 0.00028485}
{"tid": 12378842, "date": 1636806987, "type": "buy", "price": 351053.49176, "amount": 0.00083585}
{"tid": 12378843, "date": 1636806990, "type": "buy", "price": 351053.4893, "amount": 0.00014242}
{"tid": 12378844, "date": 1636807039, "type": "buy", "price": 351053.42449, "amount": 0.00019256}
{"tid": 12378845, "date": 1636807041, "type": "sell", "price": 351021.83, "amount": 0.00279954}
{"tid": 12378846, "date": 1636807041, "type": "sell", "price": 351021.83, "amount": 0.0002328}
{"tid": 12378847, "date": 1636807041, "type": "sell", "price": 351021.83, "amount": 0.00112766}
{"tid": 12378848, "date": 1636807041, "type": "buy", "price": 351053.41662, "amount": 0.001}
{"tid": 12378849, "date": 1636807054, "type": "buy", "price": 351053.40147, "amount": 0.0013548}
{"tid": 12378850, "date": 1636807069, "type": "buy", "price": 351053.37541, "amount": 0.00243478}
{"tid": 12378851, "date": 1636807088, "type": "buy", "price": 351053.34967, "amount": 0.00014242}
{"tid": 12378852, "date": 1636807092, "type": "sell", "price": 351021.83, "amount": 0.00021797}
{"tid": 12378853, "date": 1636807098, "type": "sell", "price": 351021.83, "amount": 0.0002829}
{"tid": 12378854, "date": 1636807098, "type": "sell", "price": 351021.83, "amount": 0.00056976}
{"tid": 12378855, "date": 1636807098, "type": "sell", "price": 351021.83, "amount": 0.00121131}
{"tid": 12378856, "date": 1636807111, "type": "buy", "price": 351053.32488, "amount": 2.848e-05}
{"tid": 12378857, "date": 1636807142, "type": "sell", "price": 351021.83, "amount": 0.00015}
{"tid": 12378858, "date": 1636807181, "type": "buy", "price": 351053.73827, "amount": 0.00854572}
{"tid": 12378859, "date": 1636807182, "type": "buy", "price": 351053.27951, "amount": 0.00014242}
{"tid": 12378860, "date": 1636807183, "type": "buy", "price": 351053.27765, "amount": 0.00359773}
{"tid": 12378861, "date": 1636807183, "type": "buy", "price": 351053.27765, "amount": 0.00113942}
{"tid": 12378862, "date": 1636807191, "type": "buy", "price": 351053.27475, "amount": 0.00407915}
{"tid": 12378863, "date": 1636807206, "type": "buy", "price": 351053.2673, "amount": 7.121e-05}
{"tid": 12378864, "date": 1636807226, "type": "sell", "price": 351021.83, "amount": 0.0002278}
{"tid": 12378865, "date": 1636807249, "type": "buy", "price": 351053.22406, "amount": 2.848e-05}
{"tid": 12378866, "date": 1636807262, "type": "buy", "price": 351053.20921, "amount": 0.00014242}
{"tid": 12378867, "date": 1636807291, "type": "buy", "price": 351053.17636, "amount": 0.00056971}
{"tid": 12378868, "date": 1636807297, "type": "buy", "price": 351053.16182, "amount": 0.0016121}
{"tid": 12378869, "date": 1636807340, "type": "buy", "price": 351053.09975, "amount": 3.95e-05}
{"tid": 12378870, "date": 1636807348, "type": "buy", "price": 351053.08736, "amount": 0.00165239}
{"tid": 12378871, "date": 1636807362, "type": "sell", "price": 351021.83, "amount": 0.00027483}
{"tid": 12378872, "date": 1636807368, "type": "buy", "price": 351053.06654, "amount": 0.00156671}
{"tid": 12378873, "date": 1636807377, "type": "sell", "price": 351021.83, "amount": 0.01374021}
{"tid": 12378874, "date": 1636807377, "type": "sell", "price": 351021.83, "amount": 0.00469926}
{"tid": 12378875, "date": 1636807407, "type": "sell", "price": 351021.83, "amount": 0.00217541}
{"tid": 12378876, "date": 1636807407, "type": "sell", "price": 351019.72, "amount": 0.001}
{"tid": 12378877, "date": 1636807407, "type": "sell", "price": 350987.64, "amount": 0.00129825}
{"tid": 12378878, "date": 1636807456, "type": "buy", "price": 351052.9863, "amount": 2.848e-05}
{"tid": 12378879, "date": 1636807460, "type": "buy", "price": 351052.9863, "amount": 0.00028485}
{"tid": 12378880, "date": 1636807467, "type": "buy", "price": 351052.9863, "amount": 5.813e-05}
{"tid": 12378881, "date": 1636807467, "type": "sell", "price": 350987.64, "amount": 0.00401089}
{"tid": 12378882, "date": 1636807467, "type": "buy", "price": 351052.9863, "amount": 2.848e-05}
{"tid": 12378883, "date": 1636807475, "type": "buy", "price": 351052.98629, "amount": 7.181e-05}
{"tid": 12378884, "date": 1636807481, "type": "buy", "price": 351052.98629, "amount": 0.00282683}
{"tid": 12378885, "date": 1636807484, "type": "sell", "price": 350987.64, "amount": 0.00016562}
{"tid": 12378886, "date": 1636807485, "type": "buy", "price": 351052.9808, "amount": 2.848e-05}
{"tid": 12378887, "date": 1636807529, "type": "buy", "price": 351052.92171, "amount": 0.00126829}
{"tid": 12378888, "date": 1636807531, "type": "sell", "price": 350987.64, "amount": 0.00844054}
{"tid": 12378889, "date": 1636807582, "type": "buy", "price": 351052.87367, "amount": 0.00018173}
{"tid": 12378890, "date": 1636807609, "type": "buy", "price": 351052.84554, "amount": 0.01342621}
{"tid": 12378891, "date": 1636807616, "type": "buy", "price": 351052.84553, "amount": 0.0005907}
{"tid": 12378892, "date": 1636807629, "type": "sell", "price": 350987.64, "amount": 3e-05}
{"tid": 12378893, "date": 1636807666, "type": "sell", "price": 350987.64, "amount": 0.00013155}
{"tid": 12378894, "date": 1636807676, "type": "buy", "price": 351052.82435, "amount": 0.0012197}
{"tid": 12378895, "date": 1636807680, "type": "buy", "price": 351052.82076, "amount": 0.00021686}
{"tid": 12378896, "date": 1636807693, "type": "buy", "price": 351052.80368, "amount": 2.848e-05}
{"tid": 12378897, "date": 1636807712, "type": "buy", "price": 351052.7783, "amount": 2.848e-05}
{"tid": 12378898, "date": 1636807722, "type": "buy", "price": 351052.76986, "amount": 0.00427286}
{"tid": 12378899, "date": 1636807727, "type": "buy", "price": 351052.76027, "amount": 0.0011443}
{"tid": 12378900, "date": 1636807751, "type": "buy", "price": 351052.72322, "amount": 0.00142428}
{"tid": 12378901, "date": 1636807753, "type": "buy", "price": 351052.71961, "amount": 0.05697149}
{"tid": 12378902, "date": 1636807767, "type": "buy", "price": 351052.69862, "amount": 0.00014242}
{"tid": 12378903, "date": 1636807774, "type": "buy", "price": 351052.69034, "amount": 0.00015393}
{"tid": 12378904, "date": 1636807776, "type": "sell", "price": 350987.64, "amount": 0.03690611}
{"tid": 12378905, "date": 1636807776, "type": "sell", "price": 350987.64, "amount": 0.00013999}
{"tid": 12378906, "date": 1636807776, "type": "sell", "price": 350987.64, "amount": 0.00882583}
{"tid": 12378907, "date": 1636807776, "type": "sell", "price": 350987.64, "amount": 0.00056982}
{"tid": 12378908, "date": 1636807776, "type": "sell", "price": 350987.64, "amount": 0.0102646}
{"tid": 12378909, "date": 1636807776, "type": "sell", "price": 350985.52, "amount": 0.00028491}
{"tid": 12378910, "date": 1636807776, "type": "sell", "price": 350985, "amount": 4.546e-05}
{"tid": 12378911, "date": 1636807776, "type": "sell", "price": 350985, "amount": 0.0005}
{"tid": 12378912, "date": 1636807776, "type": "sell", "price": 350980, "amount": 0.00316328}
{"tid": 12378913, "date": 1636807814, "type": "buy", "price": 351052.67965, "amount": 3.748e-05}
{"tid": 12378914, "date": 1636807821, "type": "buy", "price": 351052.67966, "amount": 2.851e-05}
{"tid": 12378915, "date": 1636807826, "type": "sell", "price": 350980.00001, "amount": 0.00028341}
{"tid": 12378916, "date": 1636807826, "type": "sell", "price": 350980, "amount": 1.659e-05}
{"tid": 12378917, "date": 1636807827, "type": "buy", "price": 351053.75, "amount": 5.305e-05}
{"tid": 12378918, "date": 1636807827, "type": "buy", "price": 351053.75, "amount": 0.0002318}
{"tid": 12378919, "date": 1636807830, "type": "sell", "price": 350980, "amount": 2.013e-05}
{"tid": 12378920, "date": 1636807835, "type": "sell", "price": 350509.46513, "amount": 0.0041352}
{"tid": 12378921, "date": 1636807846, "type": "sell", "price": 350511.04315, "amount": 0.00409528}
{"tid": 12378922, "date": 1636807846, "type": "buy", "price": 350956, "amount": 0.00028491}
{"tid": 12378923, "date": 1636807862, "type": "buy", "price": 350907.99999, "amount": 0.00037613}
{"tid": 12378924, "date": 1636807880, "type": "buy", "price": 351053.74999, "amount": 0.00028485}
{"tid": 12378925, "date": 1636807881, "type": "buy", "price": 351053.74999, "amount": 0.00085456}
{"tid": 12378926, "date": 1636807883, "type": "buy", "price": 351053.74999, "amount": 0.00182484}
{"tid": 12378927, "date": 1636807889, "type": "buy", "price": 351053.74999, "amount": 0.00075409}
{"tid": 12378928, "date": 1636807889, "type": "buy", "price": 351053.75, "amount": 6.957e-05}
{"tid": 12378929, "date": 1636807889, "type": "buy", "price": 351053.91, "amount": 0.00056129}
{"tid": 12378930, "date": 1636807889, "type": "buy", "price": 351084.48, "amount": 0.00039757}
{"tid": 12378931, "date": 1636807889, "type": "buy", "price": 351145, "amount": 0.02227686}
{"tid": 12378932, "date": 1636807894, "type": "buy", "price": 351220, "amount": 0.01865951}
{"tid": 12378933, "date": 1636807906, "type": "buy", "price": 351044, "amount": 0.05633404}
{"tid": 12378934, "date": 1636807940, "type": "sell", "price": 350530.51555, "amount": 6.606e-05}
{"tid": 12378935, "date": 1636807966, "type": "buy", "price": 351044, "amount": 0.00013865}
{"tid": 12378936, "date": 1636807966, "type": "buy", "price": 351239, "amount": 0.00130009}
{"tid": 12378937, "date": 1636807998, "type": "buy", "price": 351086.99999, "amount": 9.926e-05}
{"tid": 12378938, "date": 1636808018, "type": "buy", "price": 351086.99999, "amount": 0.00028482}
{"tid": 12378939, "date": 1636808096, "type": "buy", "price": 350734.99999, "amount": 0.00057023}
{"tid": 12378940, "date": 1636808141, "type": "buy", "price": 350734.99999, "amount": 3.954e-05}
{"tid": 12378941, "date": 1636808166, "type": "buy", "price": 350734.99999, "amount": 0.00021383}
{"tid": 12378942, "date": 1636808173, "type": "buy", "price": 350734.99999, "amount": 0.00014255}
{"tid": 12378943, "date": 1636808173, "type": "buy", "price": 350734.99999, "amount": 0.00570231}
{"tid": 12378944, "date": 1636808211, "type": "buy", "price": 350734.99999, "amount": 0.0016452}
{"tid": 12378945, "date": 1636808233, "type": "buy", "price": 350734.99999, "amount": 0.03431873}
{"tid": 12378946, "date": 1636808258, "type": "buy", "price": 350735, "amount": 0.00014255}
{"tid": 12378947, "date": 1636808270, "type": "sell", "price": 350527.88, "amount": 0.00061702}
{"tid": 12378948, "date": 1636808282, "type": "sell", "price": 350527.88, "amount": 0.00159027}
{"tid": 12378949, "date": 1636808288, "type": "buy", "price": 350638, "amount": 0.00014613}
{"tid": 12378950, "date": 1636808296, "type": "buy", "price": 350701, "amount": 0.02281145}
{"tid": 12378951, "date": 1636808310, "type": "buy", "price": 350745, "amount": 0.00014255}
{"tid": 12378952, "date": 1636808311, "type": "buy", "price": 350745, "amount": 8.553e-05}
{"tid": 12378953, "date": 1636808341, "type": "buy", "price": 350781, "amount": 0.0002138}
{"tid": 12378954, "date": 1636808355, "type": "buy", "price": 350827, "amount": 0.00048456}
{"tid": 12378955, "date": 1636808361, "type": "buy", "price": 350744, "amount": 0.0004899}
{"tid": 12378956, "date": 1636808367, "type": "buy", "price": 350748, "amount": 0.0002851}
{"tid": 12378957, "date": 1636808391, "type": "sell", "price": 350527.88011, "amount": 0.00072522}
{"tid": 12378958, "date": 1636808395, "type": "buy", "price": 350749.99999, "amount": 0.00072508}
{"tid": 12378959, "date": 1636808395, "type": "buy", "price": 350750, "amount": 0.00248506}
{"tid": 12378960, "date": 1636808410, "type": "sell", "price": 350527.88001, "amount": 0.00030203}
{"tid": 12378961, "date": 1636808418, "type": "buy", "price": 350721.99999, "amount": 0.00030197}
{"tid": 12378962, "date": 1636808418, "type": "buy", "price": 350722, "amount": 0.00026828}
{"tid": 12378963, "date": 1636808433, "type": "buy", "price": 350679.99999, "amount": 0.00028516}
{"tid": 12378964, "date": 1636808440, "type": "buy", "price": 350679.99999, "amount": 0.00146341}
{"tid": 12378965, "date": 1636808510, "type": "buy", "price": 350680, "amount": 0.0057032}
{"tid": 12378966, "date": 1636808562, "type": "buy", "price": 350779, "amount": 0.00014253}
{"tid": 12378967, "date": 1636808588, "type": "buy", "price": 350744, "amount": 0.00097391}
{"tid": 12378968, "date": 1636808620, "type": "buy", "price": 350767, "amount": 0.01425447}
{"tid": 12378969, "date": 1636808637, "type": "buy", "price": 350898, "amount": 0.00014249}
{"tid": 12378970, "date": 1636808650, "type": "buy", "price": 350942, "amount": 0.00028494}
{"tid": 12378971, "date": 1636808691, "type": "buy", "price": 350942, "amount": 0.00491534}
{"tid": 12378972, "date": 1636808700, "type": "buy", "price": 350942, "amount": 0.01160867}
{"tid": 12378973, "date": 1636808737, "type": "buy", "price": 350942, "amount": 0.00253397}
{"tid": 12378974, "date": 1636808781, "type": "buy", "price": 350942, "amount": 0.01424736}
{"tid": 12378975, "date": 1636808787, "type": "sell", "price": 350898, "amount": 0.00014249}
{"tid": 12378976, "date": 1636808787, "type": "sell", "price": 350898, "amount": 0.00042747}
{"tid": 12378977, "date": 1636808787, "type": "sell", "price": 350680.00003, "amount": 0.00057252}
{"tid": 12378978, "date": 1636808796, "type": "buy", "price": 350942, "amount": 0.00183791}
{"tid": 12378979, "date": 1636808807, "type": "sell", "price": 350680.52604, "amount": 0.00033338}
{"tid": 12378980, "date": 1636808826, "type": "buy", "price": 350985.99999, "amount": 0.00033332}
{"tid": 12378981, "date": 1636808826, "type": "buy", "price": 350986, "amount": 0.00032793}
{"tid": 12378982, "date": 1636808839, "type": "sell", "price": 350686.31225, "amount": 0.00431078}
{"tid": 12378983, "date": 1636808844, "type": "buy", "price": 351009.99999, "amount": 0.00313519}
{"tid": 12378984, "date": 1636808872, "type": "buy", "price": 351009.99999, "amount": 7.23e-05}
{"tid": 12378985, "date": 1636808882, "type": "buy", "price": 351009.99999, "amount": 0.00110243}
{"tid": 12378986, "date": 1636808882, "type": "buy", "price": 351010, "amount": 0.00051758}
{"tid": 12378987, "date": 1636808887, "type": "buy", "price": 351240, "amount": 0.00041666}
{"tid": 12378988, "date": 1636808909, "type": "sell", "price": 351009.99, "amount": 0.00081103}
{"tid": 12378989, "date": 1636808935, "type": "buy", "price": 351247, "amount": 0.0002681}
{"tid": 12378990, "date": 1636808948, "type": "buy", "price": 351198, "amount": 4.609e-05}
{"tid": 12378991, "date": 1636808950, "type": "buy", "price": 351195, "amount": 0.0022673}
{"tid": 12378992, "date": 1636808985, "type": "sell", "price": 351009.99, "amount": 7.499e-05}
{"tid": 12378993, "date": 1636808987, "type": "buy", "price": 351187, "amount": 0.01190747}
{"tid": 12378994, "date": 1636809038, "type": "sell", "price": 351009.99, "amount": 0.00022684}
{"tid": 12378995, "date": 1636809048, "type": "sell", "price": 351009.99, "amount": 0.003}
{"tid": 12378996, "date": 1636809091, "type": "sell", "price": 351009.99, "amount": 0.00507858}
{"tid": 12378997, "date": 1636809091, "type": "sell", "price": 351009.98, "amount": 0.00381647}
{"tid": 12378998, "date": 1636809091, "type": "sell", "price": 350691.04652, "amount": 0.01329575}
{"tid": 12378999, "date": 1636809093, "type": "buy", "price": 351169.99999, "amount": 0.00032198}
{"tid": 12379000, "date": 1636809108, "type": "sell", "price": 351000, "amount": 0.0002849}
{"tid": 12379001, "date": 1636809108, "type": "sell", "price": 350691.04652, "amount": 0.00369909}
{"tid": 12379002, "date": 1636809109, "type": "buy", "price": 351169.99999, "amount": 0.00085428}
{"tid": 12379003, "date": 1636809113, "type": "sell", "price": 350691.04652, "amount": 0.0010777}
{"tid": 12379004, "date": 1636809163, "type": "sell", "price": 350695.78065, "amount": 0.00146514}
{"tid": 12379005, "date": 1636809165, "type": "sell", "price": 350695.78065, "amount": 0.000248}
{"tid": 12379006, "date": 1636809175, "type": "sell", "price": 350695.78065, "amount": 0.00618953}
{"tid": 12379007, "date": 1636809175, "type": "buy", "price": 351169.99999, "amount": 0.00284762}
{"tid": 12379008, "date": 1636809184, "type": "buy", "price": 351169.99999, "amount": 0.0007119}
{"tid": 12379009, "date": 1636809189, "type": "buy", "price": 351169.99999, "amount": 0.00341717}
{"tid": 12379010, "date": 1636809221, "type": "buy", "price": 351169.99999, "amount": 0.00544078}
{"tid": 12379011, "date": 1636809247, "type": "buy", "price": 351169.99999, "amount": 0.00284762}
{"tid": 12379012, "date": 1636809293, "type": "sell", "price": 350705.25389, "amount": 6.828e-05}
{"tid": 12379013, "date": 1636809294, "type": "buy", "price": 351169.99999, "amount": 0.00952871}
{"tid": 12379014, "date": 1636809294, "type": "buy", "price": 351187, "amount": 0.00535}
{"tid": 12379015, "date": 1636809294, "type": "buy", "price": 351274, "amount": 0.02878019}
{"tid": 12379016, "date": 1636809298, "type": "buy", "price": 351395, "amount": 0.00576024}
{"tid": 12379017, "date": 1636809302, "type": "buy", "price": 351406, "amount": 0.11071007}
{"tid": 12379018, "date": 1636809307, "type": "buy", "price": 351456, "amount": 6.259e-05}
{"tid": 12379019, "date": 1636809310, "type": "buy", "price": 351456, "amount": 0.02252963}
{"tid": 12379020, "date": 1636809352, "type": "buy", "price": 351506, "amount": 0.00284495}
{"tid": 12379021, "date": 1636809360, "type": "sell", "price": 350721.58764, "amount": 0.00056582}
{"tid": 12379022, "date": 1636809374, "type": "buy", "price": 351405, "amount": 0.00221}
{"tid": 12379023, "date": 1636809396, "type": "buy", "price": 351383, "amount": 0.00056914}
{"tid": 12379024, "date": 1636809406, "type": "buy", "price": 351310, "amount": 0.00483452}
{"tid": 12379025, "date": 1636809416, "type": "buy", "price": 351257, "amount": 0.00299074}
{"tid": 12379026, "date": 1636809419, "type": "buy", "price": 351191, "amount": 0.00056951}
{"tid": 12379027, "date": 1636809463, "type": "buy", "price": 351182, "amount": 0.00041843}
{"tid": 12379028, "date": 1636809505, "type": "buy", "price": 351132, "amount": 0.00854408}
{"tid": 12379029, "date": 1636809518, "type": "buy", "price": 351107, "amount": 3.053e-05}
{"tid": 12379030, "date": 1636809522, "type": "buy", "price": 351096, "amount": 7.208e-05}
{"tid": 12379031, "date": 1636809534, "type": "buy", "price": 351091, "amount": 0.00133866}
{"tid": 12379032, "date": 1636809537, "type": "buy", "price": 351138, "amount": 0.00071197}
{"tid": 12379033, "date": 1636809562, "type": "buy", "price": 351088, "amount": 2.848e-05}
{"tid": 12379034, "date": 1636809563, "type": "sell", "price": 350736.85214, "amount": 6.978e-05}
{"tid": 12379035, "date": 1636809567, "type": "sell", "price": 350736.85214, "amount": 0.00026}
{"tid": 12379036, "date": 1636809591, "type": "buy", "price": 351086.99999, "amount": 6.266e-05}
{"tid": 12379037, "date": 1636809595, "type": "buy", "price": 351086.99999, "amount": 0.00026706}
{"tid": 12379038, "date": 1636809595, "type": "buy", "price": 351087, "amount": 2.602e-05}
{"tid": 12379039, "date": 1636809601, "type": "buy", "price": 351070, "amount": 0.00085453}
{"tid": 12379040, "date": 1636809603, "type": "sell", "price": 350738.95625, "amount": 0.01}
{"tid": 12379041, "date": 1636809617, "type": "buy", "price": 351066.99999, "amount": 9.442e-05}
{"tid": 12379042, "date": 1636809620, "type": "buy", "price": 351066.99999, "amount": 0.00032258}
{"tid": 12379043, "date": 1636809621, "type": "sell", "price": 350738.95625, "amount": 0.00163369}
{"tid": 12379044, "date": 1636809640, "type": "buy", "price": 351066.99999, "amount": 0.00014242}
{"tid": 12379045, "date": 1636809645, "type": "buy", "price": 351066.99999, "amount": 0.01107195}
{"tid": 12379046, "date": 1636809645, "type": "buy", "price": 351067, "amount": 0.02357425}
{"tid": 12379047, "date": 1636809652, "type": "sell", "price": 350738.43027, "amount": 0.0001415}
{"tid": 12379048, "date": 1636809687, "type": "sell", "price": 350742.10613, "amount": 0.00016835}
{"tid": 12379049, "date": 1636809687, "type": "buy", "price": 351034.99999, "amount": 0.00014148}
{"tid": 12379050, "date": 1636809687, "type": "buy", "price": 351035, "amount": 0.00014339}
{"tid": 12379051, "date": 1636809694, "type": "sell", "price": 350742.10613, "amount": 0.00028155}
{"tid": 12379052, "date": 1636809703, "type": "buy", "price": 351000.99999, "amount": 0.00044982}
{"tid": 12379053, "date": 1636809703, "type": "buy", "price": 351001, "amount": 0.00058387}
{"tid": 12379054, "date": 1636809713, "type": "sell", "price": 350742.10613, "amount": 0.00033832}
{"tid": 12379055, "date": 1636809744, "type": "buy", "price": 351012.99999, "amount": 0.0002195}
{"tid": 12379056, "date": 1636809787, "type": "buy", "price": 351012.99999, "amount": 0.00011876}
{"tid": 12379057, "date": 1636809787, "type": "buy", "price": 351013, "amount": 0.00102988}
{"tid": 12379058, "date": 1636809793, "type": "buy", "price": 350990, "amount": 0.00284908}
{"tid": 12379059, "date": 1636809808, "type": "buy", "price": 351025, "amount": 8.546e-05}
{"tid": 12379060, "date": 1636809833, "type": "buy", "price": 351012.99, "amount": 0.00141417}
{"tid": 12379061, "date": 1636809833, "type": "buy", "price": 351025, "amount": 0.00086491}
{"tid": 12379062, "date": 1636809853, "type": "buy", "price": 351056, "amount": 0.00078155}
{"tid": 12379063, "date": 1636809879, "type": "sell", "price": 350741.05409, "amount": 0.00096278}
{"tid": 12379064, "date": 1636809894, "type": "buy", "price": 351072.99999, "amount": 0.00056968}
{"tid": 12379065, "date": 1636809901, "type": "buy", "price": 351072.99999, "amount": 0.00039291}
{"tid": 12379066, "date": 1636809901, "type": "buy", "price": 351073, "amount": 0.00046161}
{"tid": 12379067, "date": 1636809950, "type": "buy", "price": 351070, "amount": 0.00051163}
{"tid": 12379068, "date": 1636809953, "type": "buy", "price": 351070, "amount": 0.00028484}
{"tid": 12379069, "date": 1636809960, "type": "buy", "price": 351070, "amount": 0.00028484}
{"tid": 12379070, "date": 1636809965, "type": "buy", "price": 351070, "amount": 0.00021363}
{"tid": 12379071, "date": 1636809978, "type": "buy", "price": 351070, "amount": 0.00028578}
{"tid": 12379072, "date": 1636809989, "type": "buy", "price": 351070, "amount": 0.00142421}
{"tid": 12379073, "date": 1636809992, "type": "buy", "price": 351070, "amount": 0.00079029}
{"tid": 12379074, "date": 1636810004, "type": "sell", "price": 351056, "amount": 2.983e-05}
{"tid": 12379075, "date": 1636810005, "type": "sell", "price": 351056, "amount": 0.00011376}
{"tid": 12379076, "date": 1636810005, "type": "sell", "price": 350999, "amount": 0.00488624}
{"tid": 12379077, "date": 1636810010, "type": "buy", "price": 351070, "amount": 4.483e-05}
{"tid": 12379078, "date": 1636810031, "type": "buy", "price": 351062, "amount": 0.00085454}
{"tid": 12379079, "date": 1636810042, "type": "buy", "price": 351062, "amount": 0.00028484}
{"tid": 12379080, "date": 1636810044, "type": "sell", "price": 350999, "amount": 0.00014206}
{"tid": 12379081, "date": 1636810064, "type": "sell", "price": 350999, "amount": 0.00010466}
{"tid": 12379082, "date": 1636810066, "type": "buy", "price": 351062, "amount": 5.696e-05}
{"tid": 12379083, "date": 1636810123, "type": "buy", "price": 351062, "amount": 0.00082597}
{"tid": 12379084, "date": 1636810169, "type": "buy", "price": 351062, "amount": 0.00031333}
{"tid": 12379085, "date": 1636810174, "type": "buy", "price": 351062, "amount": 0.00014242}
{"tid": 12379086, "date": 1636810176, "type": "buy", "price": 351062, "amount": 0.00546}
{"tid": 12379087, "date": 1636810192, "type": "sell", "price": 350999, "amount": 0.00010064}
{"tid": 12379088, "date": 1636810208, "type": "buy", "price": 351073, "amount": 7.121e-05}
{"tid": 12379089, "date": 1636810208, "type": "buy", "price": 351073, "amount": 0.0014242}
{"tid": 12379090, "date": 1636810216, "type": "buy", "price": 351073, "amount": 0.00018907}
{"tid": 12379091, "date": 1636810220, "type": "sell", "price": 350999, "amount": 7.5e-05}
{"tid": 12379092, "date": 1636810225, "type": "buy", "price": 351073, "amount": 0.00043614}
{"tid": 12379093, "date": 1636810225, "type": "buy", "price": 351073, "amount": 0.00241227}
{"tid": 12379094, "date": 1636810233, "type": "buy", "price": 351073, "amount": 0.00014242}
{"tid": 12379095, "date": 1636810264, "type": "buy", "price": 351073, "amount": 0.00370857}
{"tid": 12379096, "date": 1636810280, "type": "buy", "price": 351073, "amount": 0.00668504}
{"tid": 12379097, "date": 1636810321, "type": "buy", "price": 351072.99999, "amount": 0.00028831}
{"tid": 12379098, "date": 1636810342, "type": "sell", "price": 351000, "amount": 0.00176138}
{"tid": 12379099, "date": 1636810355, "type": "sell", "price": 351000, "amount": 0.00150453}
{"tid": 12379100, "date": 1636810360, "type": "sell", "price": 351000, "amount": 0.00016473}
{"tid": 12379101, "date": 1636810380, "type": "buy", "price": 351072.99999, "amount": 0.0016378}
{"tid": 12379102, "date": 1636810407, "type": "buy", "price": 351072.98654, "amount": 0.00427264}
{"tid": 12379103, "date": 1636810407, "type": "buy", "price": 351072.98654, "amount": 0.0021363}
{"tid": 12379104, "date": 1636810423, "type": "sell", "price": 351072.98, "amount": 0.00027584}
{"tid": 12379105, "date": 1636810436, "type": "buy", "price": 351072.96679, "amount": 0.0052544}
{"tid": 12379106, "date": 1636810449, "type": "buy", "price": 351072.94071, "amount": 0.0003418}
{"tid": 12379107, "date": 1636810458, "type": "buy", "price": 351072.93509, "amount": 0.00854523}
{"tid": 12379108, "date": 1636810474, "type": "buy", "price": 351072.92703, "amount": 0.00284841}
{"tid": 12379109, "date": 1636810505, "type": "buy", "price": 351072.8899, "amount": 3.159e-05}
{"tid": 12379110, "date": 1636810532, "type": "buy", "price": 351072.8741, "amount": 2.851e-05}
{"tid": 12379111, "date": 1636810534, "type": "buy", "price": 351072.8741, "amount": 0.0018395}
{"tid": 12379112, "date": 1636810538, "type": "buy", "price": 351072.8741, "amount": 0.00284841}
{"tid": 12379113, "date": 1636810643, "type": "buy", "price": 351072.87, "amount": 2.848e-05}
{"tid": 12379114, "date": 1636810663, "type": "buy", "price": 351072.87, "amount": 2.848e-05}
{"tid": 12379115, "date": 1636810676, "type": "buy", "price": 351072.87, "amount": 0.0005774}
{"tid": 12379116, "date": 1636810682, "type": "sell", "price": 351072.86, "amount": 2.848e-05}
{"tid": 12379117, "date": 1636810682, "type": "sell", "price": 351000, "amount": 1.349e-05}
{"tid": 12379118, "date": 1636810687, "type": "buy", "price": 351072.87, "amount": 0.00086564}
{"tid": 12379119, "date": 1636810687, "type": "buy", "price": 351072.8741, "amount": 0.010528}
{"tid": 12379120, "date": 1636810726, "type": "buy", "price": 351033, "amount": 0.00222176}
{"tid": 12379121, "date": 1636810732, "type": "buy", "price": 351016, "amount": 0.00014244}
{"tid": 12379122, "date": 1636810741, "type": "buy", "price": 351007, "amount": 0.00028489}
{"tid": 12379123, "date": 1636810742, "type": "buy", "price": 351007, "amount": 0.00014469}
{"tid": 12379124, "date": 1636810763, "type": "buy", "price": 351007, "amount": 0.00056978}
{"tid": 12379125, "date": 1636810767, "type": "buy", "price": 351007, "amount": 2.848e-05}
{"tid": 12379126, "date": 1636810800, "type": "buy", "price": 351007, "amount": 0.01709367}
{"tid": 12379127, "date": 1636810806, "type": "sell", "price": 351000, "amount": 0.00080929}
{"tid": 12379128, "date": 1636810816, "type": "buy", "price": 351007, "amount": 0.00284894}
{"tid": 12379129, "date": 1636810826, "type": "buy", "price": 351007, "amount": 0.00427341}
{"tid": 12379130, "date": 1636810827, "type": "buy", "price": 351007, "amount": 0.01424473}
{"tid": 12379131, "date": 1636810831, "type": "sell", "price": 351000, "amount": 0.00131536}
{"tid": 12379132, "date": 1636810837, "type": "buy", "price": 351007, "amount": 0.00080308}
{"tid": 12379133, "date": 1636810845, "type": "buy", "price": 351007, "amount": 0.00056978}
{"tid": 12379134, "date": 1636810846, "type": "sell", "price": 351000, "amount": 8.466e-05}
{"tid": 12379135, "date": 1636810847, "type": "buy", "price": 351007, "amount": 0.00085468}
{"tid": 12379136, "date": 1636810904, "type": "sell", "price": 351000, "amount": 0.00016114}
{"tid": 12379137, "date": 1636810906, "type": "buy", "price": 351007, "amount": 0.00056978}
{"tid": 12379138, "date": 1636810915, "type": "buy", "price": 351007, "amount": 0.02279156}
{"tid": 12379139, "date": 1636810927, "type": "buy", "price": 351007, "amount": 0.00025914}
{"tid": 12379140, "date": 1636810945, "type": "buy", "price": 351007, "amount": 0.00034187}
{"tid": 12379141, "date": 1636810963, "type": "sell", "price": 351000, "amount": 0.00034869}
{"tid": 12379142, "date": 1636811022, "type": "buy", "price": 351007, "amount": 5.697e-05}
{"tid": 12379143, "date": 1636811067, "type": "buy", "price": 351007, "amount": 3.572e-05}
{"tid": 12379144, "date": 1636811077, "type": "buy", "price": 351007, "amount": 3.316e-05}
{"tid": 12379145, "date": 1636811095, "type": "sell", "price": 351001, "amount": 0.00014002}
{"tid": 12379146, "date": 1636811106, "type": "sell", "price": 351001, "amount": 0.00021748}
{"tid": 12379147, "date": 1636811125, "type": "buy", "price": 351007, "amount": 0.00199429}
{"tid": 12379148, "date": 1636811135, "type": "buy", "price": 351007, "amount": 0.00014244}
{"tid": 12379149, "date": 1636811137, "type": "buy", "price": 351007, "amount": 4e-05}
{"tid": 12379150, "date": 1636811143, "type": "buy", "price": 351007, "amount": 0.00014244}
{"tid": 12379151, "date": 1636811176, "type": "buy", "price": 351006.9671, "amount": 0.00014244}
{"tid": 12379152, "date": 1636811179, "type": "buy", "price": 351006.96458, "amount": 6.452e-05}
{"tid": 12379153, "date": 1636811185, "type": "buy", "price": 351006.95123, "amount": 0.005}
{"tid": 12379154, "date": 1636811188, "type": "buy", "price": 351006.94619, "amount": 0.00014244}
{"tid": 12379155, "date": 1636811194, "type": "buy", "price": 351006.94216, "amount": 0.00011367}
{"tid": 12379156, "date": 1636811213, "type": "buy", "price": 351006.91871, "amount": 0.0003}
{"tid": 12379157, "date": 1636811214, "type": "sell", "price": 351001, "amount": 0.00022306}
{"tid": 12379158, "date": 1636811221, "type": "buy", "price": 351006.91037, "amount": 0.00212611}
{"tid": 12379159, "date": 1636811228, "type": "sell", "price": 351001, "amount": 0.00034314}
{"tid": 12379160, "date": 1636811272, "type": "buy", "price": 351006.8424, "amount": 0.00013862}
{"tid": 12379161, "date": 1636811278, "type": "buy", "price": 351006.83454, "amount": 2.848e-05}
{"tid": 12379162, "date": 1636811333, "type": "buy", "price": 351006.75141, "amount": 7.35e-05}
{"tid": 12379163, "date": 1636811335, "type": "buy", "price": 351006.75141, "amount": 0.00028489}
{"tid": 12379164, "date": 1636811349, "type": "sell", "price": 351001, "amount": 2.494e-05}
{"tid": 12379165, "date": 1636811375, "type": "buy", "price": 351006.70837, "amount": 0.00132994}
{"tid": 12379166, "date": 1636811393, "type": "buy", "price": 351006.69757, "amount": 0.00099567}
{"tid": 12379167, "date": 1636811411, "type": "sell", "price": 351001, "amount": 0.00015128}
{"tid": 12379168, "date": 1636811420, "type": "buy", "price": 351006.66588, "amount": 5.697e-05}
{"tid": 12379169, "date": 1636811448, "type": "buy", "price": 351006.62173, "amount": 0.01914411}
{"tid": 12379170, "date": 1636811458, "type": "buy", "price": 351006.60347, "amount": 0.00854684}
{"tid": 12379171, "date": 1636811496, "type": "buy", "price": 351006.54684, "amount": 0.0030676}
{"tid": 12379172, "date": 1636811499, "type": "sell", "price": 351001, "amount": 0.00047736}
{"tid": 12379173, "date": 1636811512, "type": "buy", "price": 351006.52374, "amount": 0.00085468}
{"tid": 12379174, "date": 1636811516, "type": "buy", "price": 351006.50741, "amount": 0.00028489}
{"tid": 12379175, "date": 1636811524, "type": "sell", "price": 351001, "amount": 0.00087342}
{"tid": 12379176, "date": 1636811530, "type": "buy", "price": 351006.48426, "amount": 0.01773955}
{"tid": 12379177, "date": 1636811571, "type": "buy", "price": 351006.43999, "amount": 0.00056979}
{"tid": 12379178, "date": 1636811574, "type": "buy", "price": 351006.43999, "amount": 0.00014244}
{"tid": 12379179, "date": 1636811592, "type": "buy", "price": 351006.41187, "amount": 0.00086784}
{"tid": 12379180, "date": 1636811612, "type": "buy", "price": 351006.38445, "amount": 0.00028489}
{"tid": 12379181, "date": 1636811618, "type": "buy", "price": 351006.3778, "amount": 0.01424475}
{"tid": 12379182, "date": 1636811674, "type": "buy", "price": 351006.32117, "amount": 0.00042734}
{"tid": 12379183, "date": 1636811682, "type": "buy", "price": 351006.32117, "amount": 0.05697903}
{"tid": 12379184, "date": 1636811687, "type": "buy", "price": 351006.32117, "amount": 0.00071223}
{"tid": 12379185, "date": 1636811693, "type": "sell", "price": 351001, "amount": 0.00027166}
{"tid": 12379186, "date": 1636811743, "type": "buy", "price": 351006.2862, "amount": 9.019e-05}
{"tid": 12379187, "date": 1636811745, "type": "buy", "price": 351006.2862, "amount": 0.00014244}
{"tid": 12379188, "date": 1636811752, "type": "buy", "price": 351006.2862, "amount": 0.00263841}
{"tid": 12379189, "date": 1636811833, "type": "buy", "price": 351006.18267, "amount": 0.00090647}
{"tid": 12379190, "date": 1636811841, "type": "sell", "price": 351001, "amount": 0.00017576}
{"tid": 12379191, "date": 1636811846, "type": "buy", "price": 351006.16899, "amount": 0.00040281}
{"tid": 12379192, "date": 1636811861, "type": "buy", "price": 351006.13851, "amount": 0.00014244}
{"tid": 12379193, "date": 1636811898, "type": "buy", "price": 351006.12939, "amount": 0.00028489}
{"tid": 12379194, "date": 1636811905, "type": "buy", "price": 351006.12939, "amount": 0.01878103}
{"tid": 12379195, "date": 1636811920, "type": "buy", "price": 351006.12939, "amount": 8.546e-05}
{"tid": 12379196, "date": 1636811931, "type": "sell", "price": 351001, "amount": 0.00025203}
{"tid": 12379197, "date": 1636811937, "type": "sell", "price": 351001, "amount": 0.00052299}
{"tid": 12379198, "date": 1636811943, "type": "buy", "price": 351006.12939, "amount": 0.01111091}
{"tid": 12379199, "date": 1636811945, "type": "sell", "price": 351001, "amount": 0.00202484}
{"tid": 12379200, "date": 1636811945, "type": "sell", "price": 351001, "amount": 6.2e-05}
{"tid": 12379201, "date": 1636811945, "type": "sell", "price": 351001, "amount": 0.00077048}
{"tid": 12379202, "date": 1636811948, "type": "buy", "price": 351006.12939, "amount": 0.00043116}
{"tid": 12379203, "date": 1636811948, "type": "buy", "price": 351006.12939, "amount": 0.00017717}
{"tid": 12379204, "date": 1636811972, "type": "sell", "price": 351001.00001, "amount": 0.00397146}
{"tid": 12379205, "date": 1636811989, "type": "buy", "price": 351006.12939, "amount": 0.00018}
{"tid": 12379206, "date": 1636812013, "type": "sell", "price": 351001.00001, "amount": 0.00035}
{"tid": 12379207, "date": 1636812071, "type": "buy", "price": 351006.67, "amount": 0.00071223}
{"tid": 12379208, "date": 1636812082, "type": "buy", "price": 351006.67, "amount": 0.00015067}
{"tid": 12379209, "date": 1636812082, "type": "buy", "price": 351007, "amount": 0.00104661}
{"tid": 12379210, "date": 1636812082, "type": "buy", "price": 351797.75, "amount": 0.00021777}
{"tid": 12379211, "date": 1636812082, "type": "buy", "price": 351797.99, "amount": 2.412e-05}
{"tid": 12379212, "date": 1636812098, "type": "buy", "price": 351797.99, "amount": 0.00149058}
{"tid": 12379213, "date": 1636812098, "type": "buy", "price": 351972, "amount": 0.0679846}
{"tid": 12379214, "date": 1636812099, "type": "buy", "price": 351972, "amount": 0.00284113}
{"tid": 12379215, "date": 1636812106, "type": "buy", "price": 351991, "amount": 0.08017369}
{"tid": 12379216, "date": 1636812110, "type": "buy", "price": 351991, "amount": 0.02349929}
{"tid": 12379217, "date": 1636812121, "type": "buy", "price": 352023.96, "amount": 0.00013585}
{"tid": 12379218, "date": 1636812121, "type": "buy", "price": 352137.98, "amount": 5.682e-05}
{"tid": 12379219, "date": 1636812121, "type": "buy", "price": 352191, "amount": 0.0059044}
{"tid": 12379220, "date": 1636812135, "type": "buy", "price": 352066.039, "amount": 0.00017793}
{"tid": 12379221, "date": 1636812152, "type": "sell", "price": 351021.65956, "amount": 0.00062827}
{"tid": 12379222, "date": 1636812161, "type": "buy", "price": 352066.039, "amount": 0.00015207}
{"tid": 12379223, "date": 1636812161, "type": "buy", "price": 352275.99999, "amount": 0.01120275}
{"tid": 12379224, "date": 1636812162, "type": "sell", "price": 351999, "amount": 2.829e-05}
{"tid": 12379225, "date": 1636812197, "type": "buy", "price": 352275.99999, "amount": 0.00014809}
{"tid": 12379226, "date": 1636812227, "type": "buy", "price": 352504, "amount": 0.01134738}
{"tid": 12379227, "date": 1636812251, "type": "buy", "price": 352634.99999, "amount": 0.00035696}
{"tid": 12379228, "date": 1636812252, "type": "sell", "price": 352013.20522, "amount": 8.463e-05}
{"tid": 12379229, "date": 1636812272, "type": "buy", "price": 352634.99999, "amount": 0.00678111}
{"tid": 12379230, "date": 1636812277, "type": "sell", "price": 352016.88736, "amount": 0.00302714}
{"tid": 12379231, "date": 1636812297, "type": "buy", "price": 352800, "amount": 0.00113313}
{"tid": 12379232, "date": 1636812297, "type": "buy", "price": 353011.98, "amount": 0.006}
{"tid": 12379233, "date": 1636812297, "type": "buy", "price": 353011.99, "amount": 0.00076673}
{"tid": 12379234, "date": 1636812297, "type": "buy", "price": 353093, "amount": 0.07915014}
{"tid": 12379235, "date": 1636812316, "type": "buy", "price": 352635, "amount": 0.002648}
{"tid": 12379236, "date": 1636812319, "type": "buy", "price": 353100, "amount": 3.61e-05}
{"tid": 12379237, "date": 1636812335, "type": "buy", "price": 353100, "amount": 0.00021674}
{"tid": 12379238, "date": 1636812335, "type": "buy", "price": 353312.31, "amount": 0.00107676}
{"tid": 12379239, "date": 1636812355, "type": "buy", "price": 353704.98, "amount": 0.00208939}
{"tid": 12379240, "date": 1636812355, "type": "buy", "price": 353951.99999, "amount": 0.00211002}
{"tid": 12379241, "date": 1636812361, "type": "sell", "price": 352996.11148, "amount": 0.00018962}
{"tid": 12379242, "date": 1636812362, "type": "buy", "price": 353951.99999, "amount": 0.00028252}
{"tid": 12379243, "date": 1636812364, "type": "buy", "price": 353951.99999, "amount": 0.00734562}
{"tid": 12379244, "date": 1636812386, "type": "sell", "price": 353000.93579, "amount": 0.00454071}
{"tid": 12379245, "date": 1636812392, "type": "sell", "price": 353951.99, "amount": 0.0205}
{"tid": 12379246, "date": 1636812393, "type": "buy", "price": 353951.99999, "amount": 0.0223047}
{"tid": 12379247, "date": 1636812399, "type": "buy", "price": 353952, "amount": 0.00012806}
{"tid": 12379248, "date": 1636812411, "type": "buy", "price": 354009.79999, "amount": 0.00289299}
{"tid": 12379249, "date": 1636812413, "type": "sell", "price": 353951.99, "amount": 0.0007}
{"tid": 12379250, "date": 1636812414, "type": "sell", "price": 353951.99, "amount": 4e-05}
{"tid": 12379251, "date": 1636812417, "type": "sell", "price": 353951.99, "amount": 0.00014368}
{"tid": 12379252, "date": 1636812424, "type": "buy", "price": 354009.79999, "amount": 0.00706195}
{"tid": 12379253, "date": 1636812441, "type": "buy", "price": 354009.79999, "amount": 0.00564956}
{"tid": 12379254, "date": 1636812461, "type": "buy", "price": 354009.79999, "amount": 0.0334955}
{"tid": 12379255, "date": 1636812461, "type": "buy", "price": 354009.8, "amount": 0.00059067}
{"tid": 12379256, "date": 1636812461, "type": "buy", "price": 354152, "amount": 0.03296057}
{"tid": 12379257, "date": 1636812462, "type": "sell", "price": 354009.79, "amount": 0.0052}
{"tid": 12379258, "date": 1636812462, "type": "sell", "price": 353952.516, "amount": 0.00029803}
{"tid": 12379259, "date": 1636812479, "type": "buy", "price": 354185.99999, "amount": 0.00031765}
{"tid": 12379260, "date": 1636812492, "type": "buy", "price": 354185.99999, "amount": 0.00141168}
{"tid": 12379261, "date": 1636812499, "type": "buy", "price": 354185.99999, "amount": 0.00041368}
{"tid": 12379262, "date": 1636812504, "type": "buy", "price": 354185.99999, "amount": 0.01411687}
{"tid": 12379263, "date": 1636812515, "type": "buy", "price": 354185.99999, "amount": 0.00564675}
{"tid": 12379264, "date": 1636812530, "type": "buy", "price": 354185.99999, "amount": 0.0013705}
{"tid": 12379265, "date": 1636812531, "type": "buy", "price": 354185.99999, "amount": 0.00070584}
{"tid": 12379266, "date": 1636812534, "type": "buy", "price": 354185.99999, "amount": 0.00252455}
{"tid": 12379267, "date": 1636812543, "type": "sell", "price": 354009.79, "amount": 0.000147}
{"tid": 12379268, "date": 1636812548, "type": "sell", "price": 354009.79, "amount": 0.00013547}
{"tid": 12379269, "date": 1636812548, "type": "sell", "price": 354009.78, "amount": 6.453e-05}
{"tid": 12379270, "date": 1636812560, "type": "sell", "price": 354009.78, "amount": 0.01694025}
{"tid": 12379271, "date": 1636812577, "type": "buy", "price": 354185.96196, "amount": 0.00073407}
{"tid": 12379272, "date": 1636812593, "type": "buy", "price": 353375.99999, "amount": 0.01188459}
{"tid": 12379273, "date": 1636812597, "type": "buy", "price": 353500.99999, "amount": 9.629e-05}
{"tid": 12379274, "date": 1636812603, "type": "buy", "price": 353128.99999, "amount": 0.0546}
{"tid": 12379275, "date": 1636812603, "type": "buy", "price": 353129, "amount": 0.04697206}
{"tid": 12379276, "date": 1636812609, "type": "buy", "price": 353129, "amount": 0.00293144}
{"tid": 12379277, "date": 1636812671, "type": "sell", "price": 352234.96782, "amount": 0.00015748}
{"tid": 12379278, "date": 1636812676, "type": "buy", "price": 352872, "amount": 0.00032119}
{"tid": 12379279, "date": 1636812676, "type": "buy", "price": 352872, "amount": 0.00140853}
{"tid": 12379280, "date": 1636812681, "type": "buy", "price": 352762, "amount": 0.00321485}
{"tid": 12379281, "date": 1636812688, "type": "buy", "price": 352727, "amount": 0.0001134}
{"tid": 12379282, "date": 1636812704, "type": "buy", "price": 352767, "amount": 0.06515043}
{"tid": 12379283, "date": 1636812732, "type": "buy", "price": 353284, "amount": 0.00113509}
{"tid": 12379284, "date": 1636812748, "type": "buy", "price": 353171, "amount": 0.00067451}
{"tid": 12379285, "date": 1636812801, "type": "buy", "price": 353480, "amount": 0.00284033}
{"tid": 12379286, "date": 1636812808, "type": "sell", "price": 353284.526, "amount": 0.00015098}
{"tid": 12379287, "date": 1636812814, "type": "sell", "price": 353284.526, "amount": 0.001005}
{"tid": 12379288, "date": 1636812821, "type": "buy", "price": 353558, "amount": 5.303e-05}
{"tid": 12379289, "date": 1636812837, "type": "buy", "price": 353597, "amount": 0.00299699}
{"tid": 12379290, "date": 1636812842, "type": "buy", "price": 353796, "amount": 0.00084794}
{"tid": 12379291, "date": 1636812864, "type": "sell", "price": 353293.48058, "amount": 3.516e-05}
{"tid": 12379292, "date": 1636812890, "type": "buy", "price": 353924, "amount": 0.00028254}
{"tid": 12379293, "date": 1636812912, "type": "sell", "price": 353302.4267, "amount": 8.154e-05}
{"tid": 12379294, "date": 1636812919, "type": "buy", "price": 353600, "amount": 0.0001414}
{"tid": 12379295, "date": 1636812955, "type": "buy", "price": 353600, "amount": 0.00014165}
{"tid": 12379296, "date": 1636812955, "type": "buy", "price": 353600, "amount": 0.00029721}
{"tid": 12379297, "date": 1636812980, "type": "buy", "price": 353745, "amount": 7.95e-05}
{"tid": 12379298, "date": 1636812985, "type": "buy", "price": 353852, "amount": 0.00012717}
{"tid": 12379299, "date": 1636813004, "type": "buy", "price": 353905, "amount": 0.00028256}
{"tid": 12379300, "date": 1636813033, "type": "buy", "price": 354234, "amount": 0.00045}
{"tid": 12379301, "date": 1636813070, "type": "buy", "price": 354192, "amount": 0.00126259}
{"tid": 12379302, "date": 1636813088, "type": "sell", "price": 353951.57804, "amount": 0.00092803}
{"tid": 12379303, "date": 1636813088, "type": "buy", "price": 354248, "amount": 0.00028228}
{"tid": 12379304, "date": 1636813117, "type": "sell", "price": 354248, "amount": 0.0001}
{"tid": 12379305, "date": 1636813131, "type": "buy", "price": 354276, "amount": 0.00056453}
{"tid": 12379306, "date": 1636813173, "type": "buy", "price": 354331, "amount": 0.00061015}
{"tid": 12379307, "date": 1636813178, "type": "buy", "price": 354331, "amount": 8.799e-05}
{"tid": 12379308, "date": 1636813179, "type": "buy", "price": 354331, "amount": 0.00081574}
{"tid": 12379309, "date": 1636813184, "type": "buy", "price": 354331, "amount": 0.00016439}
{"tid": 12379310, "date": 1636813192, "type": "buy", "price": 354331, "amount": 0.00957349}
{"tid": 12379311, "date": 1636813196, "type": "buy", "price": 354331, "amount": 0.00052}
{"tid": 12379312, "date": 1636813209, "type": "sell", "price": 354276, "amount": 5.343e-05}
{"tid": 12379313, "date": 1636813212, "type": "buy", "price": 354331, "amount": 0.02867945}
{"tid": 12379314, "date": 1636813219, "type": "sell", "price": 354276, "amount": 0.00832091}
{"tid": 12379315, "date": 1636813220, "type": "buy", "price": 354331, "amount": 5.582e-05}
{"tid": 12379316, "date": 1636813247, "type": "sell", "price": 354276, "amount": 0.00102671}
{"tid": 12379317, "date": 1636813253, "type": "buy", "price": 354331, "amount": 0.02822219}
{"tid": 12379318, "date": 1636813265, "type": "buy", "price": 354331, "amount": 0.00028222}
{"tid": 12379319, "date": 1636813271, "type": "sell", "price": 354276, "amount": 2.702e-05}
{"tid": 12379320, "date": 1636813276, "type": "sell", "price": 354276, "amount": 0.00111547}
{"tid": 12379321, "date": 1636813286, "type": "sell", "price": 354276, "amount": 0.00048816}
{"tid": 12379322, "date": 1636813286, "type": "sell", "price": 354248, "amount": 4.114e-05}
{"tid": 12379323, "date": 1636813286, "type": "sell", "price": 353950.52, "amount": 0.0001219}
{"tid": 12379324, "date": 1636813286, "type": "sell", "price": 353320.36263, "amount": 0.00058269}
{"tid": 12379325, "date": 1636813299, "type": "buy", "price": 353977, "amount": 0.0009373}
{"tid": 12379326, "date": 1636813304, "type": "buy", "price": 353977, "amount": 8.975e-05}
{"tid": 12379327, "date": 1636813314, "type": "sell", "price": 353500.526, "amount": 4.627e-05}
{"tid": 12379328, "date": 1636813330, "type": "sell", "price": 353500.526, "amount": 0.0001}
{"tid": 12379329, "date": 1636813343, "type": "buy", "price": 353884, "amount": 0.0001447}
{"tid": 12379330, "date": 1636813366, "type": "sell", "price": 353501.05203, "amount": 0.000141}
{"tid": 12379331, "date": 1636813374, "type": "buy", "price": 353789, "amount": 0.0013732}
{"tid": 12379332, "date": 1636813386, "type": "sell", "price": 353505.78618, "amount": 0.01207994}
{"tid": 12379333, "date": 1636813413, "type": "sell", "price": 353513.15033, "amount": 5.331e-05}
{"tid": 12379334, "date": 1636813448, "type": "buy", "price": 354117, "amount": 0.04761819}
{"tid": 12379335, "date": 1636813471, "type": "sell", "price": 353528.40478, "amount": 0.00037886}
{"tid": 12379336, "date": 1636813485, "type": "buy", "price": 354331, "amount": 0.00016622}
{"tid": 12379337, "date": 1636813485, "type": "buy", "price": 354369, "amount": 0.00124478}
{"tid": 12379338, "date": 1636813524, "type": "buy", "price": 354770, "amount": 3.523e-05}
{"tid": 12379339, "date": 1636813539, "type": "buy", "price": 354940.98997, "amount": 0.01203595}
{"tid": 12379340, "date": 1636813539, "type": "buy", "price": 354940.99, "amount": 0.0020086}
{"tid": 12379341, "date": 1636813539, "type": "buy", "price": 354976, "amount": 0.00029228}
{"tid": 12379342, "date": 1636813539, "type": "buy", "price": 355000, "amount": 0.01930954}
{"tid": 12379343, "date": 1636813562, "type": "buy", "price": 354369, "amount": 0.000188}
{"tid": 12379344, "date": 1636813562, "type": "buy", "price": 355000, "amount": 2.36e-05}
{"tid": 12379345, "date": 1636813606, "type": "buy", "price": 355000, "amount": 0.00253521}
{"tid": 12379346, "date": 1636813607, "type": "buy", "price": 355000, "amount": 0.00172839}
{"tid": 12379347, "date": 1636813624, "type": "buy", "price": 355000, "amount": 0.00119735}
{"tid": 12379348, "date": 1636813625, "type": "buy", "price": 355000, "amount": 0.0075495}
{"tid": 12379349, "date": 1636813637, "type": "sell", "price": 354779.46826, "amount": 0.00010632}
{"tid": 12379350, "date": 1636813656, "type": "buy", "price": 355000, "amount": 0.08001886}
{"tid": 12379351, "date": 1636813656, "type": "buy", "price": 355000, "amount": 0.0014318}
{"tid": 12379352, "date": 1636813660, "type": "buy", "price": 355000, "amount": 0.00036619}
{"tid": 12379353, "date": 1636813662, "type": "sell", "price": 354786.31677, "amount": 0.0546}
{"tid": 12379354, "date": 1636813662, "type": "sell", "price": 354786.31676, "amount": 0.0384}
{"tid": 12379355, "date": 1636813662, "type": "buy", "price": 355000, "amount": 0.00044166}
{"tid": 12379356, "date": 1636813667, "type": "buy", "price": 355000, "amount": 0.03549699}
{"tid": 12379357, "date": 1636813671, "type": "buy", "price": 355000, "amount": 0.04479179}
{"tid": 12379358, "date": 1636813678, "type": "buy", "price": 355000, "amount": 0.12258612}
{"tid": 12379359, "date": 1636813678, "type": "buy", "price": 355000, "amount": 7.064e-05}
{"tid": 12379360, "date": 1636813678, "type": "buy", "price": 355000, "amount": 0.00014397}
{"tid": 12379361, "date": 1636813678, "type": "buy", "price": 355000, "amount": 0.00119836}
{"tid": 12379362, "date": 1636813678, "type": "buy", "price": 355000, "amount": 0.0003}
{"tid": 12379363, "date": 1636813678, "type": "buy", "price": 355000, "amount": 0.00030171}
{"tid": 12379364, "date": 1636813678, "type": "buy", "price": 355000, "amount": 0.00106648}
{"tid": 12379365, "date": 1636813678, "type": "buy", "price": 355000, "amount": 7.072e-05}
{"tid": 12379366, "date": 1636813679, "type": "buy", "price": 355050.21, "amount": 0.0065935}
{"tid": 12379367, "date": 1636813679, "type": "buy", "price": 355099.99, "amount": 0.00103705}
{"tid": 12379368, "date": 1636813679, "type": "buy", "price": 355200, "amount": 0.00248902}
{"tid": 12379369, "date": 1636813694, "type": "sell", "price": 355358.20005, "amount": 8.74e-05}
{"tid": 12379370, "date": 1636813712, "type": "buy", "price": 355833.98999, "amount": 8.739e-05}
{"tid": 12379371, "date": 1636813712, "type": "buy", "price": 355833.99, "amount": 4e-05}
{"tid": 12379372, "date": 1636813712, "type": "buy", "price": 355836.57, "amount": 0.00089714}
{"tid": 12379373, "date": 1636813712, "type": "buy", "price": 355836.58, "amount": 0.00033392}
{"tid": 12379374, "date": 1636813712, "type": "buy", "price": 356000, "amount": 0.00034444}
{"tid": 12379375, "date": 1636813715, "type": "sell", "price": 355359.29208, "amount": 4.296e-05}
{"tid": 12379376, "date": 1636813740, "type": "sell", "price": 355363.51947, "amount": 6.08e-05}
{"tid": 12379377, "date": 1636813758, "type": "buy", "price": 355999.99998, "amount": 4.296e-05}
{"tid": 12379378, "date": 1636813758, "type": "buy", "price": 356000, "amount": 0.00025556}
{"tid": 12379379, "date": 1636813758, "type": "buy", "price": 356000, "amount": 0.0014}
{"tid": 12379380, "date": 1636813758, "type": "buy", "price": 356000, "amount": 0.00021743}
{"tid": 12379381, "date": 1636813758, "type": "buy", "price": 356000, "amount": 0.00029838}
{"tid": 12379382, "date": 1636813758, "type": "buy", "price": 356032.37, "amount": 0.00780157}
{"tid": 12379383, "date": 1636813758, "type": "buy", "price": 356081.01, "amount": 0.00267272}
{"tid": 12379384, "date": 1636813763, "type": "buy", "price": 356081.01, "amount": 0.01404174}
{"tid": 12379385, "date": 1636813770, "type": "sell", "price": 355370.3617, "amount": 0.0085358}
{"tid": 12379386, "date": 1636813772, "type": "buy", "price": 356081.01, "amount": 6.026e-05}
{"tid": 12379387, "date": 1636813777, "type": "sell", "price": 355371.41707, "amount": 0.0005}
{"tid": 12379388, "date": 1636813791, "type": "buy", "price": 356081.00999, "amount": 0.00013249}
{"tid": 12379389, "date": 1636813814, "type": "buy", "price": 356081.01, "amount": 2.808e-05}
{"tid": 12379390, "date": 1636813819, "type": "buy", "price": 356081.00999, "amount": 0.00112333}
{"tid": 12379391, "date": 1636813826, "type": "buy", "price": 356081.00999, "amount": 0.00074536}
{"tid": 12379392, "date": 1636813843, "type": "buy", "price": 356081.00999, "amount": 0.00015167}
{"tid": 12379393, "date": 1636813847, "type": "buy", "price": 356081.00999, "amount": 0.01170722}
{"tid": 12379394, "date": 1636813855, "type": "sell", "price": 355387.84803, "amount": 0.00016165}
{"tid": 12379395, "date": 1636813863, "type": "sell", "price": 355389.42744, "amount": 0.00112825}
{"tid": 12379396, "date": 1636813876, "type": "buy", "price": 356081.00987, "amount": 0.00042125}
{"tid": 12379397, "date": 1636813881, "type": "sell", "price": 355393.10957, "amount": 0.00019202}
{"tid": 12379398, "date": 1636813885, "type": "sell", "price": 355393.63561, "amount": 0.00028699}
{"tid": 12379399, "date": 1636813892, "type": "sell", "price": 355395.21513, "amount": 0.01619}
{"tid": 12379400, "date": 1636813892, "type": "sell", "price": 355394.69174, "amount": 0.06881}
{"tid": 12379401, "date": 1636813897, "type": "sell", "price": 355395.74255, "amount": 0.00253226}
{"tid": 12379402, "date": 1636813930, "type": "buy", "price": 356080.99978, "amount": 0.00056166}
{"tid": 12379403, "date": 1636813946, "type": "sell", "price": 355403.12084, "amount": 0.00015072}
{"tid": 12379404, "date": 1636813952, "type": "buy", "price": 356080.99977, "amount": 0.00015069}
{"tid": 12379405, "date": 1636813952, "type": "buy", "price": 356080.99978, "amount": 0.00097475}
{"tid": 12379406, "date": 1636813979, "type": "buy", "price": 356080.99978, "amount": 2.808e-05}
{"tid": 12379407, "date": 1636813987, "type": "buy", "price": 356080.99978, "amount": 0.00084371}
{"tid": 12379408, "date": 1636813992, "type": "sell", "price": 356080.99, "amount": 7.158e-05}
{"tid": 12379409, "date": 1636814003, "type": "sell", "price": 356080.99, "amount": 0.00015527}
{"tid": 12379410, "date": 1636814016, "type": "buy", "price": 356080.99978, "amount": 0.00056166}
{"tid": 12379411, "date": 1636814018, "type": "sell", "price": 356080.99, "amount": 2.177e-05}
{"tid": 12379412, "date": 1636814020, "type": "buy", "price": 356080.99978, "amount": 2.808e-05}
{"tid": 12379413, "date": 1636814021, "type": "buy", "price": 356080.99978, "amount": 0.00019282}
{"tid": 12379414, "date": 1636814025, "type": "buy", "price": 356080.99978, "amount": 0.00058635}
{"tid": 12379415, "date": 1636814064, "type": "buy", "price": 356080.99979, "amount": 0.00157664}
{"tid": 12379416, "date": 1636814064, "type": "buy", "price": 356081, "amount": 0.00057999}
{"tid": 12379417, "date": 1636814064, "type": "buy", "price": 356081.01, "amount": 0.00346006}
{"tid": 12379418, "date": 1636814094, "type": "buy", "price": 356081.01, "amount": 0.00065434}
{"tid": 12379419, "date": 1636814095, "type": "sell", "price": 356080.99, "amount": 0.00256245}
{"tid": 12379420, "date": 1636814095, "type": "sell", "price": 356080.99, "amount": 0.00319222}
{"tid": 12379421, "date": 1636814095, "type": "sell", "price": 356080.96, "amount": 0.00393208}
{"tid": 12379422, "date": 1636814095, "type": "sell", "price": 355490.47106, "amount": 0.01371418}
{"tid": 12379423, "date": 1636814128, "type": "buy", "price": 356081.00999, "amount": 5.616e-05}
{"tid": 12379424, "date": 1636814136, "type": "buy", "price": 356081.00999, "amount": 0.01069489}
{"tid": 12379425, "date": 1636814141, "type": "sell", "price": 355499.43327, "amount": 0.006}
{"tid": 12379426, "date": 1636814161, "type": "buy", "price": 356081.00974, "amount": 4.802e-05}
{"tid": 12379427, "date": 1636814179, "type": "buy", "price": 356081.00974, "amount": 0.00033214}
{"tid": 12379428, "date": 1636814202, "type": "sell", "price": 356081, "amount": 0.0004}
{"tid": 12379429, "date": 1636814214, "type": "sell", "price": 356081, "amount": 0.0025805}
{"tid": 12379430, "date": 1636814214, "type": "sell", "price": 356081, "amount": 0.00053639}
{"tid": 12379431, "date": 1636814214, "type": "sell", "price": 355496.2675, "amount": 0.03225102}
{"tid": 12379432, "date": 1636814216, "type": "buy", "price": 356081.00974, "amount": 5.616e-05}
{"tid": 12379433, "date": 1636814229, "type": "buy", "price": 356081.00974, "amount": 0.00556248}
{"tid": 12379434, "date": 1636814229, "type": "buy", "price": 356081.01, "amount": 0.0353828}
{"tid": 12379435, "date": 1636814229, "type": "buy", "price": 356170.99, "amount": 0.00027359}
{"tid": 12379436, "date": 1636814229, "type": "buy", "price": 356194.99999, "amount": 0.00090601}
{"tid": 12379437, "date": 1636814233, "type": "sell", "price": 355501.00805, "amount": 0.00056141}
{"tid": 12379438, "date": 1636814243, "type": "buy", "price": 356299.99996, "amount": 0.00144715}
{"tid": 12379439, "date": 1636814249, "type": "buy", "price": 356300, "amount": 0.00063558}
{"tid": 12379440, "date": 1636814249, "type": "buy", "price": 356330, "amount": 0.00014043}
{"tid": 12379441, "date": 1636814249, "type": "buy", "price": 356360.79, "amount": 0.00027232}
{"tid": 12379442, "date": 1636814249, "type": "buy", "price": 356393.87996, "amount": 0.0017597}
{"tid": 12379443, "date": 1636814253, "type": "buy", "price": 356393.88, "amount": 4.022e-05}
{"tid": 12379444, "date": 1636814253, "type": "buy", "price": 356399.99999, "amount": 0.0010703}
{"tid": 12379445, "date": 1636814256, "type": "buy", "price": 356393.8799, "amount": 0.00096696}
{"tid": 12379446, "date": 1636814258, "type": "buy", "price": 356393.8799, "amount": 2.831e-05}
{"tid": 12379447, "date": 1636814267, "type": "buy", "price": 356393.87988, "amount": 0.00056135}
{"tid": 12379448, "date": 1636814267, "type": "buy", "price": 356399.99999, "amount": 0.00224449}
{"tid": 12379449, "date": 1636814287, "type": "sell", "price": 356081, "amount": 0.00016066}
{"tid": 12379450, "date": 1636814287, "type": "sell", "price": 355509.45691, "amount": 0.00917399}
{"tid": 12379451, "date": 1636814293, "type": "buy", "price": 356399.99996, "amount": 0.00021287}
{"tid": 12379452, "date": 1636814301, "type": "buy", "price": 356399.99992, "amount": 0.00280303}
{"tid": 12379453, "date": 1636814304, "type": "buy", "price": 356399.99989, "amount": 0.00056116}
{"tid": 12379454, "date": 1636814315, "type": "buy", "price": 356209.99988, "amount": 0.00028073}
{"tid": 12379455, "date": 1636814317, "type": "sell", "price": 355509.4573, "amount": 0.0001}
{"tid": 12379456, "date": 1636814340, "type": "sell", "price": 355513.1423, "amount": 0.00014086}
{"tid": 12379457, "date": 1636814345, "type": "sell", "price": 355513.67244, "amount": 2.565e-05}
{"tid": 12379458, "date": 1636814367, "type": "sell", "price": 355518.408, "amount": 5.577e-05}
{"tid": 12379459, "date": 1636814381, "type": "sell", "price": 355521.04253, "amount": 8.569e-05}
{"tid": 12379460, "date": 1636814393, "type": "buy", "price": 356399.99979, "amount": 0.00238496}
{"tid": 12379461, "date": 1636814398, "type": "buy", "price": 356399.99975, "amount": 0.00140291}
{"tid": 12379462, "date": 1636814402, "type": "buy", "price": 356399.99975, "amount": 0.00056116}
{"tid": 12379463, "date": 1636814405, "type": "buy", "price": 356399.99975, "amount": 0.00140291}
{"tid": 12379464, "date": 1636814410, "type": "buy", "price": 356399.99975, "amount": 0.00017935}
{"tid": 12379465, "date": 1636814410, "type": "buy", "price": 356399.99976, "amount": 2.564e-05}
{"tid": 12379466, "date": 1636814410, "type": "buy", "price": 356400, "amount": 0.00035617}
{"tid": 12379467, "date": 1636814421, "type": "buy", "price": 356400, "amount": 0.00034991}
{"tid": 12379468, "date": 1636814424, "type": "buy", "price": 356400, "amount": 0.00025252}
{"tid": 12379469, "date": 1636814434, "type": "sell", "price": 356399.99, "amount": 0.00056854}
{"tid": 12379470, "date": 1636814434, "type": "sell", "price": 355531.60444, "amount": 0.00865537}
{"tid": 12379471, "date": 1636814448, "type": "sell", "price": 355533.75148, "amount": 0.00629936}
{"tid": 12379472, "date": 1636814463, "type": "buy", "price": 356400, "amount": 0.00014952}
{"tid": 12379473, "date": 1636814466, "type": "sell", "price": 355538.00248, "amount": 0.00285276}
{"tid": 12379474, "date": 1636814472, "type": "buy", "price": 356400, "amount": 0.00014029}
{"tid": 12379475, "date": 1636814476, "type": "sell", "price": 355539.62264, "amount": 0.00793646}
{"tid": 12379476, "date": 1636814480, "type": "buy", "price": 356400, "amount": 0.00851214}
{"tid": 12379477, "date": 1636814480, "type": "buy", "price": 356400, "amount": 8.251e-05}
{"tid": 12379478, "date": 1636814482, "type": "buy", "price": 356400, "amount": 0.00084604}
{"tid": 12379479, "date": 1636814482, "type": "buy", "price": 356400, "amount": 0.00019729}
{"tid": 12379480, "date": 1636814528, "type": "buy", "price": 356400, "amount": 0.00065086}
{"tid": 12379481, "date": 1636814570, "type": "buy", "price": 356400, "amount": 0.00524329}
{"tid": 12379482, "date": 1636814575, "type": "buy", "price": 356400, "amount": 0.00201088}
{"tid": 12379483, "date": 1636814575, "type": "buy", "price": 356400, "amount": 4.559e-05}
{"tid": 12379484, "date": 1636814576, "type": "buy", "price": 356400, "amount": 0.00014029}
{"tid": 12379485, "date": 1636814584, "type": "buy", "price": 356400, "amount": 5.291e-05}
{"tid": 12379486, "date": 1636814591, "type": "buy", "price": 356400, "amount": 0.01586019}
{"tid": 12379487, "date": 1636814591, "type": "buy", "price": 356400, "amount": 0.00097482}
{"tid": 12379488, "date": 1636814593, "type": "buy", "price": 356400, "amount": 0.0001395}
{"tid": 12379489, "date": 1636814623, "type": "buy", "price": 356400, "amount": 4.208e-05}
{"tid": 12379490, "date": 1636814627, "type": "buy", "price": 356400, "amount": 0.00030392}
{"tid": 12379491, "date": 1636814627, "type": "buy", "price": 356400, "amount": 4e-05}
{"tid": 12379492, "date": 1636814627, "type": "buy", "price": 356608.99999, "amount": 0.00526466}
{"tid": 12379493, "date": 1636814632, "type": "sell", "price": 355806.36683, "amount": 0.00014456}
{"tid": 12379494, "date": 1636814636, "type": "buy", "price": 356399.99999, "amount": 2.946e-05}
{"tid": 12379495, "date": 1636814653, "type": "buy", "price": 356609, "amount": 0.0002}
{"tid": 12379496, "date": 1636814653, "type": "buy", "price": 356666.65999, "amount": 0.00063571}
{"tid": 12379497, "date": 1636814664, "type": "buy", "price": 356666.65999, "amount": 0.01776429}
{"tid": 12379498, "date": 1636814664, "type": "buy", "price": 356666.66, "amount": 0.00619382}
{"tid": 12379499, "date": 1636814664, "type": "buy", "price": 356797.77, "amount": 4.8e-05}
{"tid": 12379500, "date": 1636814664, "type": "buy", "price": 356861.34, "amount": 0.01559779}
{"tid": 12379501, "date": 1636814664, "type": "buy", "price": 357000, "amount": 0.0002343}
{"tid": 12379502, "date": 1636814668, "type": "buy", "price": 357000, "amount": 6.489e-05}
{"tid": 12379503, "date": 1636814668, "type": "buy", "price": 357000, "amount": 0.00029374}
{"tid": 12379504, "date": 1636814668, "type": "buy", "price": 357000, "amount": 0.00202232}
{"tid": 12379505, "date": 1636814674, "type": "buy", "price": 356870, "amount": 0.00014117}
{"tid": 12379506, "date": 1636814675, "type": "buy", "price": 356870, "amount": 7.694e-05}
{"tid": 12379507, "date": 1636814677, "type": "sell", "price": 355811.26809, "amount": 0.00019593}
